
@InCollection{Abraham1991b,
  author       = {Werner Abraham},
  title        = {The grammaticalization of the German modal particles},
  booktitle    = {Grammaticalization},
  publisher    = {Benjamins},
  year         = {1991},
  editor       = {Elisabeth Closs Traugott \& Bernd Heine},
  volume       = {2},
  pages        = {331–380},
  address      = {Amsterdam},
  booksubtitle = {Grammaticalisation},
}

@Book{Averintseva-Klisch2013,
  title     = {Textkohärenz},
  publisher = {Universitätsverlag Winter},
  year      = {2013},
  author    = {Maria Averintseva-Klisch},
  address   = {Heidelberg},
}

@PhdThesis{Antomo2015,
  author  = {Mailin Antomo},
  title   = {Abhängige Sätze in einem fragebasierten Diskursmodell},
  school  = {Georg-August-Universität Göttingen},
  year    = {2015 [2012]},
  address = {Göttingen},
  url     = {http://ediss.uni-goettingen.de/bitstream/handle/11858/00-1735-0000-0022-5D89-5/Dissertation%20Antomo.pdf?sequence=1},
}

@Article{Back1995,
  author  = {Michael Back},
  title   = {{{Ich weiß nicht, was soll \textit{Es} bedeuten. Zur Frage subjektloser Sätze im Deutschen und anderswo}}},
  journal = {Deutsche Sprache},
  year    = {1995},
  volume  = {2},
  pages   = {147-177},
}

@Article{Becker1978,
  author  = {Rita Becker},
  title   = {{{Oberflächenstrukturelle Unterschiede zwischen restriktiven und nichtrestriktiven Relativsätzen im Deutschen}}},
  journal = {Kölner Linguistische Arbeiten Germanistik},
  year    = {1978},
  volume  = {4},
  pages   = {1-12},
}
 
 
@InCollection{Askedal1995,
  author    = {John Ole Askedal},
  title     = {Iconicity in the basic serialization rules of modern German},
  booktitle = {Syntactic Iconicity and Linguistic Freezes},
  publisher = {Mouton de Gruyter},
  year      = {1995},
  editor    = {Marge E. Landsberg},
  pages     = {13–30}
}


@Book{Austin1962,
  title     = {How to Do Things with Words},
  publisher = {Clarendon},
  year      = {1962},
  author    = {John Langshaw Austin},
  address   = {Oxford},
  abstract  = {Remove this}
}
