% Encoding: UTF-8

@phdthesis{Ward1985,
	author = {Gregory Louis Ward},
	school = {University of Pennsylvania},
	title = {\textit{The Semantics and Pragmatics of Preposing}},
	year = {1985},
}

@phdthesis{Kwon2005,
	author = {Min-Jae Kwon},
	school = {Ludwig-Maximilians-Universität München},
	title = {{Modalpartikeln und Satzmodus. {{U}}ntersuchungen zur Syntax, Semantik und Pragmatik der deutschen Modalpartikeln}},
	year = {2005},
}

@phdthesis{Karagjosova2004,
	address = {Saarbrücken},
	author = {Elena Karagjosova},
	school = {Universtität Saarbrücken},
	title = {\textit{The Meaning and Function of {German} Modal Particles}},
	url = {https://www.researchgate.net/publication/34970619_The_meaning_and_function_of_German_modal_particles},,
	year = {2004}
}

@phdthesis{Han1998,
	author = {Chung-Hye Han},
	school = {University of Pennsylvania},
	title = {\textit{The Structure and Interpretation of Imperatives: {M}ood and Force in Universal Grammar}},
	year = {1998},
}

@phdthesis{Fritsch1990,
	author = {Werner Johann Fritsch},
	school = {Ludwig-Maximilians-Universität München},
	title = {\textit{Gestalt und {Bedeutung} der deutschen Relativsätze}},
	year = {1990},
}

@phdthesis{Frey2010,
	author = {Natascha Frey},
	school = {Universität Bern},
	title = {\textit{{Verdoppelung} des w-Wortes im Schweizerdeutschen}},
	year = {2010},
}

@phdthesis{Emonds1969,
	author = {Joseph Emonds},
	school = {Massachusetts Institute of Technology Cambridge},
	title = {\textit{Root and Structure-preserving Transformations}},
	year = {1969},
}

@phdthesis{Clemen1998,
	address = {Siegen},
	author = {Gudrun Clemen},
	school = {Universität Siegen},
	title = {\textit{Hecken in deutschen und englischen Texten der Wirtschaftskommunikation: {{E}}ine kontrastive Analyse}},
	url = {http://www.ub.uni-siegen.de/pub/diss/fb3/1999/clemen/clemen.pdf},,
	year = {1998}
}

@phdthesis{Bobaljik1995,
	address = {Cambridge},,
	author = {Jonathan David Bobaljik},
	school = {Massachusetts Institute of Technology},
	title = {\textit{{Morphosyntax}: {T}he Syntax of Verbal Inflection}},
	year = {1995}
}

@phdthesis{Antomo2015,
	address = {Göttingen},
	author = {Mailin Antomo},
	school = {Georg-August-Universität Göttingen},
	title = {\textit{Abhängige {Sätze} in einem fragebasierten Diskursmodell}},
	url = {http://ediss.uni-goettingen.de/bitstream/handle/11858/00-1735-0000-0022-5D89-5/Dissertation%20Antomo.pdf?sequence=1},,
	year = {2015 [2012]}
}

@incollection{Zimmermann2011,
	address = {Berlin and New York},,
	author = {Malte Zimmermann},
	booktitle = {\textit{Handbücher zur {Sprach}- und Kommunikationswissenschaft. {S}emantics}},
	editor = {Klaus von Heusinger, Claudia Maienborn and Paul Portner},
	pages = {2011–2038},
	publisher = {de Gruyter},
	title = {Discourse particles},
	volume = {33/2},
	year = {2011}
}

@incollection{Zaefferer1988,
	address = {Berlin},,
	author = {Dietmar Zaefferer},
	booktitle = {\textit{{Studien} zum Satzmodus II. (Papers from the Round Table Sentence Mood and Modularity at the XIVth International Congress of Linguistics, Berlin 1987)}},
	editor = {Werner Bahner and Joachim Schildt and Dieter Viehweger and Werner Neumann and Bärbel Techtmeier and Wolfgang Ullrich Wurzel},
	pages = {139–163},
	publisher = {Akademie der Wissenschaften der DDR, Zentralinstitut für Sprachwissenschaft},
	title = {{{Satzmodi als Satzformkategorien. {Z}ur Analyse grammatischer Faktoren in der Satzmodusbestimmung}}},
	year = {1988}
}

@incollection{Zaefferer1983,
	address = {Berlin},,
	author = {Dietmar Zaefferer},
	booktitle = {\textit{Meaning, Use, and Interpretation of Language}},
	editor = {Rainer Bäuerle and Christoph Schwarze and Arnim von Stechow},
	pages = {466–490},
	publisher = {de Gruyter},
	title = {The semantics of non-declaratives: {I}nvestigating {{German}} exclamatories},
	year = {1983}
}

@incollection{Weydt1983b,
	address = {Tübingen},,
	author = {Harald Weydt and Elke Hentschel},
	booktitle = {\textit{Partikeln und {Interaktion}}},
	editor = {Harald Weydt},
	pages = {3–24},
	publisher = {Niemeyer},
	title = {{{Kleines Abtönungswörterbuch}}},
	year = {1983}
}

@incollection{Wegener2002,
	address = {Amsterdam},,
	author = {Heide Wegener},
	booktitle = {\textit{New Reflections on Grammaticalization. {I}nternational {Symposium, Potsdam, 17-19 June, 1999}}},
	editor = {Gabriele Diewald and Ilse Wischer},
	pages = {379–394},
	publisher = {Benjamins},
	title = {The evolution of the {{German}} modal particle \textit{denn}},
	year = {2002}
}

@incollection{Volodina2010,
	address = {Frankfurt a. M.},,
	author = {Anna Volodina},
	booktitle = {\textit{{Sprache} und Kognition: {T}raditionelle und neue Ansätze. {A}kten des 40. {L}inguistischen Kolloquiums in Moskau 2005}},
	editor = {Olga Souleimanova},
	pages = {309–321},
	publisher = {Peter Lang},
	title = {{{Sprechaktbezogene Kausalität}}},
	year = {2010}
}

@incollection{Vogel1995,
	address = {Cambridge},,
	author = {Irene Vogel and Timothy Bunnell and Steven Hoskins},
	booktitle = {\textit{Papers in Laboratory Phonology IV: {P}honolgy and Phonetic Evidence}},
	editor = {Bruce Connell and Amalia Arvaniti},
	pages = {111–127},
	publisher = {Cambridge University Press},
	title = {The phonology and phonetics of the rhythm rule},
	year = {1995}
}

@incollection{Vismans1996,
	address = {Berlin},,
	author = {Roel Vismans},
	booktitle = {\textit{Complex Structures: {A} Functionalist Perspective}},
	editor = {Betty Devriendt and Lois Goossens and Johan Van der Auwera},
	pages = {303–324},
	publisher = {Mouton de Gruyter},
	title = {Functional Grammar and historical evidence in modal particle research},
	year = {1996}
}

@incollection{Vennemann1982,
	address = {Tübingen},,
	author = {Theo Vennemann},
	booktitle = {\textit{{Silben}, Segmente, Akzente: {R}eferate zur Wort-, Satz- und Versphonologie anläßlich der vierten Jahrestagung der Deutschen Gesellschaft für Sprachwissenschaft, Köln, 2.-4. {M}ärz, 1982}},
	editor = {Theo Vennemann},
	pages = {261–305},
	publisher = {Niemeyer},
	title = {{{Zur Silbenstruktur der deutschen {Standardsprache}}}},
	year = {1982}
}

@incollection{Troemel-Ploetz1979,
	address = {Berlin and New York},,
	author = {Senta Trömel-Plötz},
	booktitle = {\textit{Die Partikeln der deutschen {Sprache}}},
	editor = {Harald Weydt},
	pages = {318–334},
	publisher = {de Gruyter},
	sortname = {Senta Tromel-Plotz},
	title = {{{Männer sind eben so: {{E}}ine linguistische Beschreibung von Modalpartikeln aufgezeigt an der Analyse von dt. \textit{eben} und engl. \textit{just}}}},
	year = {1979}
}

@incollection{Thurmair2013,
	address = {Berlin and New York},,
	author = {Maria Thurmair},
	booktitle = {\textit{Satztypen des {Deutschen}}},
	editor = {Jörg Meibauer and Markus Steinbach and Hans Altmann},
	pages = {627–651},
	publisher = {de Gruyter},
	title = {{{Satztyp und Modalpartikeln}}},
	year = {2013}
}

@incollection{Tai1985,
	address = {Amsterdam and Philadelphia},,
	author = {James H.-Y. Tai},
	booktitle = {\textit{Iconicity in Syntax}},
	editor = {John Haiman},
	pages = {49–72},
	publisher = {Benjamins},
	sortname = {James H.-Y. Tai},
	title = {Temporal sequence and {{Chinese}} word order},
	year = {1985}
}

@incollection{Stalnaker1978,
	address = {New York},,
	author = {Robert Stalnaker},
	booktitle = {\textit{Syntax and Semantics 9: {P}ragmatics}},
	editor = {Peter Cole},
	pages = {315–332},
	publisher = {Academic Press},
	title = {Assertion},
	year = {1978}
}

@incollection{Simone1995,
	address = {Amsterdam and Philadelphia},,
	author = {Raffaele Simone},
	booktitle = {\textit{Iconicity in Language}},
	editor = {Raffaele Simone},
	pages = {153–169},
	publisher = {Benjamnis},
	title = {Iconic aspects of syntax: {A} pragmatic approach},
	year = {1995}
}

@incollection{Sgall1974,
	address = {Prague/Den Haag and Paris},,
	author = {Petr Sgall},
	booktitle = {\textit{Papers on Functional Sentence Perspective}},
	editor = {František Daneš},
	pages = {54–74},
	publisher = {Academia/Mouton},
	title = {{{Zur Stellung der {Thema}-Rhema-Gliederung in der Sprachbeschreibung}}},
	year = {1974}
}

@incollection{Schwitalla2002,
	address = {Freiburg},,
	author = {Johannes Schwitalla},
	booktitle = {\textit{Über {Wörter}. {G}rundkurs Linguistik}},
	editor = {Jürgen Ditt\-mann and Claudia Schmidt},
	pages = {259–281},
	publisher = {Rombach},
	title = {{{Kleine {Wörter}. {P}artikeln im Gespräch}}},
	year = {2002}
}

@incollection{Schubiger1977,
	address = {Harmondsworth},,
	author = {Maria Schubiger},
	booktitle = {\textit{Intonation. {S}elected Readings}},
	editor = {Dwight L. Bolinger},
	pages = {175–193},
	publisher = {Penguin},
	title = {{English} intonation and {German} modal particles: {A} comparative study},
	year = {1977}
}

@incollection{Schlieben-Lange1979,
	address = {Berlin},,
	author = {Brigitte Schlieben-Lange},
	booktitle = {\textit{Die Partikeln der deutschen {Sprache}}},
	editor = {Harald Weydt},
	pages = {307–313},
	publisher = {de Gruyter},
	title = {{{Bairisch \textit{eh – halt – fei}}}},
	year = {1979}
}

@incollection{Scheutz2009,
	address = {Berlin},,
	author = {Hannes Scheutz},
	booktitle = {\textit{Gesprochen – Geschrieben – Gedichtet. {V}ariation und Transformation von {Sprache}}},
	editor = {Monika Dannerer and Peter Mauser and Hannes Scheutz and Andreas E. Weiss.},
	pages = {240–251},
	publisher = {Erich Schmidt Verlag},
	title = {{{Wie ,,narrativ" sind Verb-Erst-Deklarativsätze im {Deutschen}?}}},
	year = {2009}
}

@incollection{Schaefer2012,
	author = {Roland Schäfer and Felix Bildhauer},
	booktitle = {\textit{{Proceedings of the Eighth International Conference on Language Resources and Evaluation (LREC’12)}}},
	editor = {Nicoletta Calzolari and Khalid Choukri and Thierry Declerck and Mehmet Uğur Doğan and Bente Maegaard and Joseph Mariani and Asuncion Moreno and Jan Odijk and Stelios Piperidis.},
	pages = {486–493},
	sortname = {Roland Schafer and Felix Bildhauer},
	title = {Building large corpora from the web using a new efficient tool chain},
	url = {http://rolandschaefer.net/?p=70},,
	year = {2012}
}

@incollection{Sasse1995,
	address = {Berlin},,
	author = {Hans-Jürgen Sasse},
	booktitle = {\textit{Verb-Subject Order in {European} Languages}},
	editor = {Yaron Matras and Hans-Jürgen Sasse},
	pages = {1–29},
	publisher = {Akademie-Verlag},
	sortname = {Hans-Jurgen Sasse},
	title = {Theticity and {VS} order: {A} case study},
	year = {1995}
}

@incollection{Rudolph1983,
	address = {Tübingen},,
	author = {Elisabeth Rudolph},
	booktitle = {\textit{Partikeln und {Interaktion}}},
	editor = {Harald Weydt},
	pages = {54–68},
	publisher = {Niemeyer},
	title = {{{Partikel-Kombinationen in Alltagsgesprächen}}},
	year = {1983}
}

@incollection{Rost-Roth1999,
	address = {Tübingen},,
	author = {Martina Rost-Roth},
	booktitle = {\textit{{Grammatik} und Diskurs/Grammatica e discorso. {S}tudi sull'acquisizione dell'italiano e del tedesco/Studien zum Erwerb des Deutschen und des Italienischen}},
	editor = {Norbert Dittmar and Anna Giacalone Ramat},
	pages = {165–209},
	publisher = {Stauffenburg},
	title = {{{Der {E}rwerb der Modalpartikeln. {{E}}ine Fallstudie zum Partikelerwerb einer italienischen Deutschlernerin mit Vergleichen zu anderen Lernervarietäten}}},
	year = {1999}
}

@incollection{Rost-Roth1998,
	address = {Tübingen},,
	author = {Martina Rost-Roth},
	booktitle = {\textit{Particulae Particularum. {F}estschrift für Harald Weydt}},
	editor = {Elke Hentschel and Harald Weydt},
	pages = {293–324},
	publisher = {Stauffenburg},
	title = {{{Modalpartikeln in Argumentationen und Handlungs\-vorschlägen}}},
	year = {1998}
}

@incollection{Rosengren1997,
	address = {Berlin},,
	author = {Inger Rosengren},
	booktitle = {\textit{Modality in {Germanic} Languages: {H}istorical and Comparative Perspectives}},
	editor = {Toril Swan and Olaf Jansen Westvik},
	pages = {151–184},
	publisher = {Mouton de Gruyter},
	title = {Expressive sentence types – a contradiction in terms. {The} case of exclamation},
	year = {1997}
}

@incollection{Rosengren1992,
	address = {Tübingen},,
	author = {Inger Rosengren},
	booktitle = {\textit{{Satz} und Illokution}},
	editor = {Inger Rosengren},
	pages = {263–306},
	publisher = {Niemeyer},
	title = {{{Zur {Grammatik} und Pragmatik der Exklamation}}},
	volume = {1},
	year = {1992}
}

@incollection{Rosengren1987,
	address = {Berlin},,
	author = {Inger Rosengren},
	booktitle = {\textit{{Satz}, Text, sprachliche Handlung}},
	editor = {Wolfgang Motsch},
	pages = {179–197},
	publisher = {Akademie-Verlag},
	title = {{{Begründungen und Folgerungen als sprachliche Handlungen}}},
	year = {1987}
}

@incollection{Roncador1977,
	address = {Tübingen},,
	author = {Manfred von Roncador},
	booktitle = {\textit{{Semantik} und Pragmatik. {A}kten des 11. {L}inguistischen Kolloquiums Aachen 1976}},
	editor = {Konrad Sprengel and Wolf-Dietrich Bald and Heinz Werner Viethen},
	pages = {103–114},
	publisher = {Niemeyer},
	title = {{{Zur {Linguistik} der intensivierenden Ausrufe}}},
	volume = {2},
	year = {1977}
}

@incollection{Roberts2004,
	address = {Malden, Massachussetts},,
	author = {Craige Roberts},
	booktitle = {\textit{Handbook of Contemporary Pragmatic Theory}},
	editor = {Laurence Horn and Gergory Ward},
	pages = {197–220},
	publisher = {Blackwell},
	title = {Context in dynamic interpretation},
	year = {2004}
}

@incollection{Roberts1996,
	address = {\biberror{no address}},
	author = {Craige Roberts},
	booktitle = {\textit{Ohio State University Working Papers in Linguistics 49: {P}apers in Semantics}},
	editor = {Jae Hak Yoon and Andreas Kathol},
	publisher = {\biberror{no publisher}},
	title = {Information structure: {T}owards an integrated formal theory of pragmatics},
	url = {http://semprag.org/article/view/sp.5.6/pdf},,
	year = {1996}
}

@incollection{Repp2013,
	address = {Oxford},,
	author = {Sophie Repp},
	booktitle = {\textit{{E}xpressives and Beyond. {{E}}xplorations of Conventional Non-Truth-Conditional Meaning}},
	editor = {Daniel Gutzmann and Hans-Martin Gärtner},
	pages = {231–274},
	publisher = {Oxford University Press},
	title = {Common ground management: {M}odal particles, illocutionary negation and \textit{verum}},
	year = {2013}
}

@incollection{Reis2000,
	address = {Tübingen},,
	author = {Marga Reis},
	booktitle = {\textit{{Deutsche} Grammatik in Theorie und Praxis}},
	editor = {Rolf Thieroff and Matthias Tamrat and Nanna Fuhrhop and Oliver Teuber},
	pages = {215–227},
	publisher = {Niemeyer},
	title = {{{Anmerkungen zu Verb-erst-{Satz}-Typen im Deutschen}}},
	year = {2000}
}

@incollection{Reis1997,
	address = {Tübingen},,
	author = {Marga Reis},
	booktitle = {\textit{{Sprache} im Fokus. {F}estschrift für Heinz Vater zum 65. {G}eburtstag}},
	editor = {Christa Dürscheid and Karl-Heinz Ramers and Monika Schwarz},
	pages = {121–144},
	publisher = {Niemeyer},
	title = {{{Zum syntaktischen Status unselbständiger Verbzweit-{Sätze}}}},
	year = {1997}
}

@incollection{Reis1993,
	address = {Tübingen},,
	author = {Marga Reis},
	booktitle = {\textit{{Wortstellung} und Informationsstruktur}},
	editor = {Marga Reis},
	pages = {203–249},
	publisher = {Niemeyer},
	title = {{{Satzfügung und kommunikative Gewichtung. {Z}ur {Grammatik} und Pragmatik von Neben- vs. {U}nterordnung am Beispiel ‚implikativer‘ \textit{und}-Konstruktionen im Deutschen}}},
	year = {1993}
}

@incollection{Rehbock1992,
	address = {Tübingen},,
	author = {Helmut Rehbock},
	booktitle = {\textit{{Satz} und Illokution}},
	editor = {Inger Rosengren},
	pages = {91–171},
	publisher = {Niemeyer},
	title = {{{Deklarativsatzmodus, rhetorische Modi und Illokutionen}}},
	volume = {1},
	year = {1992}
}

@incollection{Pusch2001,
	address = {Berlin and New York},,
	author = {Claus D. Pusch},
	booktitle = {\textit{Handbücher zur {Sprach}- und Kommunikationswissenschaft. {S}prachtypologie und Universalienforschung/ Language Typology and Language Universals}},
	editor = {Martin Haspelmath},
	pages = {369–384},
	publisher = {de Gruyter},
	sortname = {Claus D. Pusch},
	title = {{{Ikonizität}}},
	volume = {20/1},
	year = {2001}
}

@incollection{Posner1979,
	address = {Frankfurt a. M.},,
	author = {Roland Posner},
	booktitle = {\textit{Sprechakttheorie und {Semantik}}},
	editor = {Günther Grewendorf},
	pages = {345–385},
	publisher = {Suhrkamp},
	title = {{{{Bedeutung} und Gebrauch der Satzverknüpfer in den natürlichen Sprachen}}},
	year = {1979}
}

@incollection{Portner2004,
	author = {Paul Portner},
	booktitle = {\textit{{Proceedings of SALT 14}}},
	editor = {Robert B. Young},
	pages = {235–252},,
	title = {The semantics of imperatives within a theory of clause types},
	year = {2004}
}

@incollection{Pittner2011,
	address = {Tübingen},,
	author = {Karin Pittner},
	booktitle = {\textit{Konnektoren im {Deutschen} und im Sprachvergleich: {B}eschreibung und grammatische Analyse}},
	editor = {Gisella Ferraresi},
	pages = {157–182},
	publisher = {Narr},
	title = {{{Subsidiäre Begründungen}}},
	year = {2011}
}

@incollection{Pittner2007,
	address = {Leipzig},,
	author = {Karin Pittner},
	booktitle = {\textit{Von der {Pragmatik} zur Grammatik}},
	editor = {Sandra Döring and Jochen Geilfuß-Wolfgang},
	pages = {39–56},
	publisher = {Universitätsverlag},
	title = {{{Dialog in der {Grammatik}: \textit{Doch} in Kausalsätzen mit Verberststellung}}},
	year = {2007}
}

@incollection{Pasch1999,
	address = {München},,
	author = {Renate Pasch},
	booktitle = {\textit{Ausdrucksgrammatik versus Inhaltsgrammatik. {L}inguistische und didaktische {Aspekte} der Grammatik}},
	editor = {Renate Freudenberg-Findeisen},
	pages = {139–154},
	publisher = {IUDICIUM Verlag},
	title = {{{Der subordinierende Konnektor \textit{wo}: {K}ausal und konzessive?}}},
	year = {1999}
}

@incollection{Oppenrieder2013,
	address = {Berlin},,
	author = {Wilhelm Oppenrieder},
	booktitle = {\textit{Satztypen des {Deutschen}}},
	editor = {Jörg Meibauer and Markus Steinbach and Hans Altmann},
	pages = {20--50},
	publisher = {de Gruyter},
	title = {{{Deklarativsätze}}},
	year = {2013}
}

@incollection{Oppenrieder1989,
	address = {Tübingen},,
	author = {Wilhelm Oppenrieder},
	booktitle = {\textit{Zur Intonation von Modus und {Fokus} im Deutschen}},
	editor = {Hans Altmann},
	pages = {163–244},
	publisher = {Niemeyer},
	title = {{{Selbständige Verb-letzt-{Sätze}: {I}hr Platz im Satzmodus\-system und ihre intonatorische Kennzeichnung}}},
	year = {1989}
}

@incollection{Oppenrieder1987,
	address = {Tübingen},,
	author = {Wilhelm Oppenrieder},
	booktitle = {\textit{Satzmodus zwischen {Grammatik} und Pragmatik}},
	editor = {Jörg Meibauer},
	pages = {161–189},
	publisher = {Niemeyer},
	title = {{{Aussagesätze im {Deutschen}}}},
	year = {1987}
}

@incollection{Oennerfors1997a,
	address = {Berlin and New York},,
	author = {Olaf Önnerfors},
	booktitle = {\textit{Modality in {Germanic} Languages. {H}istorical and Comparative Perspectives}},
	editor = {Toril Swan and Olaf Jansen Westvik},
	pages = {293–319},
	publisher = {Mouton de Gruyter},
	sortname = {Olaf Onnerfors},
	title = {On narrative declarative {V1} sentences in {{German}}},
	year = {1997}
}

@incollection{Ninan2005,
	address = {Cambridge},,
	author = {Dilip Ninan},
	booktitle = {\textit{New Work on Modality. {M}IT Working Papers in Linguistics 51}},
	editor = {Jon Gajewski and Valentine Hacquard an Bernard Nickel and Seth Yalcin},
	pages = {149–178},
	publisher = {\biberror{no publisher}},
	title = {Two puzzles about deontic necessity},
	year = {2005}
}

@incollection{Naef1987,
	address = {Tübingen},,
	author = {Anton Näf},
	booktitle = {\textit{Satzmodus zwischen {Grammatik} und Pragmatik. {R}eferate anläßlich der 8. {J}ahrestagung der Deutschen Gesellschaft für Sprachwissenschaft, Heidelberg 1986}},
	editor = {Jörg Meibauer},
	pages = {140–160},
	publisher = {Niemeyer},
	sortname = {Anton Naf},
	title = {{{Gibt es Exklamativsätze?}}},
	year = {1987}
}

@incollection{Mueller2017b,
	address = {Berlin},
	author = {Sonja Müller},
	booktitle = {{Discourse Particles. {F}ormal Approaches to their Syntax and Semantics}},
	editor = {Volker Struckmeier and Josef Beyer},
	pages = {203--240},,
	publisher = {de Gruyter},
	sortname = {Sonja Muller},
	title = {Combining \textit{ja} and \textit{doch}: {A} case of discourse structural iconi\-city},
	year = {2017b}
}

@incollection{Mueller2017a,
	address = {Berlin and Boston},,
	author = {Sonja Müller},
	booktitle = {\textit{Pragmatics at its Interfaces}},
	editor = {\biberror{no editor}},
	pages = {225--254},
	publisher = {de Gruyter},
	sortname = {Sonja Muller},
	title = {Redundancy effects in discourse: {O}n the modal particle combinations \textit{halt eben} and \textit{eben halt} in {{German}}},
	year = {2017a}
}

@incollection{Mueller2016a,
	address = {\biberror{no address}},
	author = {Sonja Müller},
	booktitle = {\textit{Normalität in der {Sprache}}},
	editor = {Horst Lohnstein and Franz d'Avis},
	pages = {145--180},,
	publisher = {\biberror{no publisher}},
	series = {Sonderheft Linguistische Berichte},
	sortname = {Sonja Muller},
	title = {{Normalität im Diskurs - Implikationsverstärkung in (\textit{halt eben}-/\textit{eben halt}-)Assertionen}},
	year = {2016a}
}

@incollection{Motsch1970,
	address = {Darmstadt},,
	author = {Wolfgang Motsch},
	booktitle = {\textit{Vorschläge für eine strukturale {Grammatik} des Deutschen}},
	editor = {Hugo Steger},
	pages = {88–108},
	publisher = {Wissenschaftliche Buchgesellschaft},
	title = {{{Ein Typ von Emphasesätzen im {Deutschen}}}},
	year = {1970}
}

@incollection{Mikame1998,
	address = {Heidelberg},,
	author = {Hirofumi Mikame},
	booktitle = {\textit{{Deutsche} Grammatik – Thema in Variationen. {F}estschrift für Hans-Werner Eroms zum 60. {G}eburtstag}},
	editor = {Karin Donhauser and Ludwig M. Eichinger},
	pages = {283–298},
	publisher = {Winter},
	title = {{{{Relativsätze} aus textpragmatischer Sicht}}},
	year = {1998}
}

@incollection{Mazzola1992,
	address = {Amsterdam and Philadelphia},,
	author = {Michael L. Mazzola},
	booktitle = {\textit{Theoretical Analyses in {Romance} Linguistics}},
	editor = {Christiane Laeufer and Terrell A. Morgan},
	pages = {81–97},
	publisher = {Benjamins},
	sortname = {Michael L. Mazzola},
	title = {Stress clash and segmental deletion},
	year = {1992}
}

@incollection{Mache2009,
	address = {Tübingen},,
	author = {Jacob Mache},
	booktitle = {\textit{Modalität, Epistemik und Evidentialität bei Modalverb, Adverb, Modalpartikel und Modus}},
	editor = {Werner Abraham and Elisabeth Leiss},
	pages = {25–55},
	publisher = {Stauffenburg},
	title = {{{Das Wesen epistemischer Modalität}}},
	year = {2009}
}

@incollection{Lindner1991,
	address = {Amsterdam},,
	author = {Katrin Lindner},
	booktitle = {\textit{Discourse Particles. {D}escriptive and Theoretical Investigations on the Logical, Syntactic and Pragmatic Properties of Discourse Particles in {German}}},
	editor = {Werner Abraham},
	pages = {168–201},
	publisher = {Benjamins},
	title = {{{,,Wir sind ja doch alte Bekannte." The use of {German} \textit{ja} and \textit{doch} as modal particles}}},
	year = {1991}
}

@incollection{Liedke2000,
	address = {Tübingen},,
	author = {Frank Liedke},
	booktitle = {\textit{Sprachspiel und {Bedeutung}. (Festschrift für Franz Hundsnurscher zum 65. {G}eburtstag)}},
	editor = {Susanne Beckmann and Peter-Paul König and Georg Wolf.},
	pages = {105–112},
	publisher = {Niemeyer},
	title = {{{Modalverben im {Deutschen} – semantische und pragma\-tische Beschreibung}}},
	year = {2000}
}

@incollection{Lemnitzer2001,
	address = {Berlin and New York},,
	author = {Lothar Lemnitzer},
	booktitle = {\textit{{Sprache} im Alltag. {B}eiträge zu neuen Perspektiven in der Linguistik. {H}erbert Ernst Wiegand zum 65. {G}eburtstag gewidmet}},
	editor = {Andrea Lehr and Matthias Kammerer and Klaus-Peter Konerding and Angelika Storrer and Caja Thimm and Werner Wolski},
	pages = {349–371},
	publisher = {de Gruyter},
	title = {{{,,Wann kommt er denn nun endlich zur Sache?" Modalpartikel-Kombinationen – Eine korpusbasierte {Untersuchung}}}},
	year = {2001}
}

@incollection{Kupietz2010,
	address = {Valletta},,
	author = {Marc Kupietz and Cyril Belica and Holger Keibel and Andreas Witt},
	booktitle = {\textit{{Proceedings of the 7th Conference on International Language Resources and Evaluation (LREC 2010)}}},
	editor = {Nicoletta Calzolari and Khalid Choukri and Bente Maegaard and Joseph Mariani and Jan Odijk and Stelios Piperidis and Mike Rosner and Daniel Tapias.},
	pages = {1848–1854},
	publisher = {European Language Resources Association (ELRA)},
	title = {The {German} Reference Corpus DeReKo: {A} primordial sample for linguistic research},
	year = {2010}
}

@incollection{Kiparsky1970,
	address = {The Hauge},,
	author = {Paul Kiparsky and Carol Kiparsky},
	booktitle = {\textit{Progress in Linguistics}},
	editor = {Manfred Bierwisch and Karl Heidolph},
	pages = {143–173},
	publisher = {Mouton},
	title = {Fact},
	year = {1970}
}

@incollection{Keller1995,
	address = {Cambridge},,
	author = {Rudi Keller},
	booktitle = {\textit{Subjectivity and Subjectivisation. {L}inguistic Perspectives}},
	editor = {Dieter Stein and Susan Wright},
	pages = {16–30},
	publisher = {Cambridge University Press},
	title = {The epistemic \textit{weil}},
	year = {1995}
}

@incollection{Kehler2004,
	address = {Oxford},,
	author = {Andrew Kehler},
	booktitle = {\textit{Handbook of Pragmatics}},
	editor = {Laurence Horn and Gergory Ward},
	pages = {241–265},
	publisher = {Blackwell},
	title = {Discourse coherence},
	year = {2004}
}

@incollection{Karagjosova2003,
	address = {Amsterdam},,
	author = {Elena Karagjosova},
	booktitle = {\textit{Perspectives on Dialogue in the New Millenium}},
	editor = {Peter Kühnlein and Hannes Rieser and Henk Zeevat},
	pages = {335–350},
	publisher = {Benjamins},
	title = {Modal particles and the common ground: {M}eaning and functions of {German} \textit{ja}, \textit{doch}, \textit{eben/halt } and \textit{auch}},
	year = {2003}
}

@incollection{Jacobs1991,
	address = {Amsterdam and Philadelphia},,
	author = {Joachim Jacobs},
	booktitle = {\textit{Discourse Particles. {D}escriptive and Theoretical Investigations on the Logical, Syntactic and Pragmatic Properties of Discourse Particles in {German}}},
	editor = {Werner Abraham},
	pages = {141–162},
	publisher = {Benjamins},
	title = {On the semantics of modal particles},
	year = {1991}
}

@incollection{Jacobs1986,
	address = {Amsterdam},,
	author = {Joachim Jacobs},
	booktitle = {\textit{Topic, Focus, and Configurationality}},
	editor = {Werner Abraham and Sjaak de Meij},
	pages = {103–128},
	publisher = {Benjamins},
	title = {The syntax of focus and adverbials in {German}},
	year = {1986}
}

@incollection{Imo2011,
	address = {Rom},,
	author = {Wolfgang Imo},
	booktitle = {\textit{{Deutsch} {aktuell} 2. {E}inführung in die Tendenzen der deutschen Gegenwartssprache}},
	editor = {Sandro M. Moraldo},
	pages = {127–150},
	publisher = {Carocci},
	title = {{{\textit{Jetzt gehn wir einen trinken, gell?} Vergewisserungssignale (tag questions) und ihre Relevanz für den DaF-Unterricht}}},
	year = {2011}
}

@incollection{Imo2010,
	address = {Münster},
	author = {Wolfgang Imo},
	booktitle = {\textit{Usbekisch-deutsche {Studien} III: {S}prache – Literatur – Kultur – Didaktik}},
	editor = {Rudolf Suntrup and Kordula Schulze and Tomas Tomasek and others},
	pages = {261–284},
	publisher = {LIT},
	title = {{{\textit{Versteckte {Grammatik}}: {W}eshalb qualitative Analysen gesprochener Sprache für die {Grammatik}(be)schreibung notwendig sind}}},
	url = {http://www.uni-muenster.de/imperia/md/content/germanistik/lehrende/imo_w/artikelimousbekistan.pdf},,
	volume = {3},
	year = {2010}
}

@incollection{Holler2008,
	address = {Amsterdam and Philadelphia},,
	author = {Anke Holler},
	booktitle = {\textit{Subordination vs. {C}oordination in Sentence and Text}},
	editor = {Cathrine Fabricius-Hansen and Wiebke Ramm},
	pages = {187–216},
	publisher = {Benjamins},
	title = {{German} dependent clauses from a constraint-based perspective},
	year = {2008}
}

@incollection{Hoffmann2003,
	address = {Berlin and New York},,
	author = {Ludger Hoffmann},
	booktitle = {\textit{Funktionale Syntax}},
	editor = {Ludger Hoffmann},
	pages = {18–121},
	publisher = {de Gruyter},
	title = {{{Funktionale Syntax. {P}rinzipien und Prozeduren}}},
	year = {2003}
}

@incollection{Hoffmann2002,
	address = {Frankfurt a. M.},,
	author = {Ludger Hoffmann},
	booktitle = {\textit{{Grammatik} und {Grammatik}vermittlung}},
	editor = {Corinna Peschel},
	pages = {9–37},
	publisher = {Lang},
	title = {{{Kommunikative Gewichtung}}},
	year = {2002}
}

@incollection{Hoffmann1994,
	address = {Tübingen},,
	author = {Ludger Hoffmann},
	booktitle = {\textit{Gesprochene {Sprache}. {T}ranskripte und Tondokumente}},
	editor = {Konrad Ehlich and Angelika Redder},
	pages = {19–91},
	publisher = {Niemeyer},
	title = {{{Juristische Kommunikation: {Eine} Verhandlung vor dem Amtsgericht}}},
	year = {1994}
}

@incollection{Hoeksema2008,
	address = {Amsterdam and Philadelphia},,
	author = {Jack Hoeksema},
	booktitle = {\textit{Theoretical and Empirical Issues in Grammaticalization}},
	editor = {Elena Seoane and María José López-Couso},
	pages = {131–149},
	publisher = {Benjamins},
	title = {The emergence of particle clusters in {{Dutch}}. {Grammaticalization} under adverse conditions},
	year = {2008}
}

@incollection{Hoehle1992,
	address = {Opladen},,
	author = {Tilman N. Höhle},
	booktitle = {\textit{Informationsstruktur und {Grammatik}}},
	editor = {Joachim Jacobs},
	pages = {112–141},
	publisher = {Westdeutscher Verlag},
	sortname = {Tilman N. Hohle},
	title = {{{Über Verumfokus im {Deutschen}}}},
	year = {1992}
}

@incollection{Heycock2005,
	address = {Oxford},,
	author = {Caroline Heycock},
	booktitle = {\textit{The {Blackwell} Companion to Syntax}},
	editor = {Martin Everaert and Henk van Riemsdijk},
	pages = {174–209},
	publisher = {Blackwell},
	title = {Embedded root phenomena},
	volume = {2},
	year = {2005}
}

@incollection{Hengeveld1990,
	address = {Amsterdam},,
	author = {Kees Hengeveld},
	booktitle = {\textit{Layers and Levels of Representation in Language Theory}},
	editor = {Jan Nuyts and A. Machtelt Bolkestein and Co Vet},
	pages = {1–24},
	publisher = {Benjamins},
	title = {The hierarchical structure of utterances},
	year = {1990}
}

@incollection{Heine1995,
	address = {Amsterdam and Philadelphia},,
	author = {Bernd Heine},
	booktitle = {\textit{Modality in Grammar and Discourse}},
	editor = {Joan Bybee and Suzanne Fleischman},
	pages = {17–53},
	publisher = {Benjamins},
	title = {Agent-oriented vs. {{E}}pistemic modality: {S}ome observations on {German} modals},
	year = {1995}
}

@incollection{Hartmann1977,
	address = {Tübingen},,
	author = {Dietrich Hartmann},
	booktitle = {\textit{{Aspekte} der Modalpartikeln. {S}tudien zur deutschen Abtönung}},
	editor = {Harald Weydt},
	pages = {101–114},
	publisher = {Niemeyer},
	title = {{{Aussagesätze, Behauptungshandlungen und die kommunikativen Funktionen der Satzpartikeln \textit{ja}, \textit{nämlich} und \textit{einfach}}}},
	year = {1977}
}

@incollection{Haiman1992,
	address = {New York and Oxford},,
	author = {John Haiman},
	booktitle = {\textit{Encyclopedia of Linguistics}},
	editor = {William Bright},
	pages = {191–195},
	publisher = {Oxford University Press},
	title = {Iconicity},
	volume = {2},
	year = {1992}
}

@incollection{Haegeman2004,
	address = {Berlin},,
	author = {Liliane Haegeman},
	booktitle = {\textit{{Proceedings of the Dislocated Elements Workshop, ZAS {Berlin}, November 2003}}},
	editor = {Benjamin Shaer and Werner Frey and Claudia Maienborn},
	number = {35},
	pages = {157–192},
	publisher = {ZAS Papers in Linguistics},
	title = {Topicalization, {CLLD} and the left periphery},
	volume = {1},
	year = {2004}
}

@incollection{Gutzmann2011,
	address = {Paris},,
	author = {Daniel Gutzmann and Elena Castroviejo Miró},
	booktitle = {\textit{Empirical Issues in Syntax and Semantics 8}},
	editor = {Oliver Bonami and Patricia Cabredo Hofherr},
	pages = {143–165},
	publisher = {\biberror{no publisher}},
	sortname = {Daniel Gutzmann and Elena Castroviejo Miro},
	title = {The dimensions of VERUM},
	year = {2011}
}

@incollection{Guenthner2007,
	address = {Tübingen},,
	author = {Susanne Günthner},
	booktitle = {\textit{Gespräch als Prozess}},
	editor = {Heiko Hausendorf},
	pages = {125–155},
	publisher = {Narr},
	sortname = {Susanne Gunthner},
	title = {{{Zur Emergenz grammatischer Funktionen im Diskurs – \textit{wo}-Konstruktionen in Alltagsinteraktionen}}},
	year = {2007}
}

@incollection{Guenthner2006,
	address = {Berlin},,
	author = {Susanne Günthner},
	booktitle = {\textit{Konstruktionen in der {Interaktion}}},
	editor = {Susanne Günthner and Wolfgang Imo},
	pages = {59–90},
	publisher = {de Gruyter},
	sortname = {Susanne Gunthner},
	title = {{{,,Was ihn trieb, war vor allem Wanderlust" (Hesse: {N}arziss und Goldmund). {P}seudocleft-Konstruktionen im {Deutschen}}}},
	year = {2006}
}

@incollection{Greenberg1963,
	address = {Cambridge},,
	author = {Joseph Harold Greenberg},
	booktitle = {\textit{Universals of Language}},
	editor = {Joseph Harold Greenberg},
	pages = {73–113},
	publisher = {MIT Press},
	title = {{Some} universals of language with particular reference to the order of meaningful elements},
	year = {1963}
}

@incollection{Grawunder2012,
	address = {Berlin},,
	author = {Sven Grawunder},
	booktitle = {\textit{Nachrichten schreiben, sprechen, hören. {F}orschungen zur Hörverständlichkeit von Radionachrichten}},
	editor = {Ines Bose and Dietz Schwiesau},
	pages = {157–177},
	publisher = {Frank \& Timme},
	title = {{{Die {Erforschung} des Sprechens mittels Nachrichtenkorpora – Die Nachrichtenarche der ARD}}},
	year = {2012}
}

@incollection{Gohl2000,
	address = {Berlin},,
	author = {Christine Gohl},
	booktitle = {\textit{Cause, Condition, Concession and Contrast: {C}ognitive and Discourse Perspectives}},
	editor = {Elizabeth Couper-Kuhlen and Bernd Kortmann},
	pages = {83–110},
	publisher = {Mouton de Gruyter},
	title = {Causal relations in spoken discourse: {A}syndetic constructions as a means for giving reasons},
	year = {2000}
}

@incollection{Givon1985,
	address = {Amsterdam and Philadelphia},,
	author = {Talmy Givón},
	booktitle = {\textit{Iconicity in Syntax}},
	editor = {John Haiman},
	pages = {187–219},
	publisher = {Benjamins},
	sortname = {Talmy Givon},
	title = {Iconicity, Isomorphism, and non-arbitrary coding in syntax},
	year = {1985}
}

@incollection{Ginzburg1996,
	address = {Stanford},
	author = {Jonathan Ginzburg},
	booktitle = {\textit{Language, Logic and Computation}},
	editor = {Jerry Seligman and Dag Westerståhl},
	publisher = {CSLI Lecture Notes},
	title = {Dynamics and the semantics of dialogue},
	url = {https://sites.google.com/site/jonathanginzburgswebsite/publications},,
	volume = {1},
	year = {1996}
}

@incollection{Geyken2007,
	address = {London},,
	author = {Alexander Geyken},
	booktitle = {\textit{Collocations and Idioms: {L}inguistic, Lexicographic and Computational Aspects}},
	editor = {Christiane Fellbaum},
	pages = {23–41},
	publisher = {Continuum Press},
	title = {The DWDS corpus: {A} reference corpus for the {German} language of the 20th century},
	year = {2007}
}

@incollection{Frey2012,
	address = {Amsterdam},,
	author = {Werner Frey},
	booktitle = {\textit{Main Clause Phenomena: {N}ew Horizons}},
	editor = {Lobke Aelbrecht and Liliane Haegeman and Rachel Nye},
	pages = {405–429},
	publisher = {Benjamins},
	title = {On two types of adverbial clauses allowing root-phenomena},
	year = {2012}
}

@incollection{Frey2011,
	address = {Berlin},,
	author = {Werner Frey},
	booktitle = {\textit{Satzverknüpfung – Zur {Interaktion} von Form, Bedeutung und Diskursfunktion}},
	editor = {Eva Breindl and Gisella Ferraresi and Anna Volodina},
	pages = {41–77},
	publisher = {de Gruyter},
	title = {Peripheral adverbial clauses, their licensing and the prefield in {{German}}},
	year = {2011}
}

@incollection{Frey2007,
	address = {Berlin},,
	author = {Werner Frey},
	booktitle = {\textit{Interfaces and Interface Conditions}},
	editor = {Andreas Späth},
	pages = {329–348},
	publisher = {de Gruyter},
	title = {{Some} contextual effects of aboutness topics in {German}},
	year = {2007}
}

@incollection{Ford2000,
	address = {Berlin},,
	author = {Cecilia Ford},
	booktitle = {\textit{Cause, Condition, Concession and Contrast: {C}ognitive and Discourse Perspectives}},
	editor = {Bernd Kortmann and Elizabeth Couper-Kuhlen},
	pages = {283–311},
	publisher = {Mouton de Gruyter},
	title = {The treatment of contrasts in interaction},
	year = {2000}
}

@incollection{Foolen1989,
	address = {Berlin and New York},,
	author = {Ad Foolen},
	booktitle = {\textit{Sprechen mit Partikeln}},
	editor = {Harald Weydt},
	pages = {305–317},
	publisher = {de Gruyter},
	title = {{{Beschreibungsebenen für Partikelbedeutungen}}},
	year = {1989}
}

@incollection{Fischer1999,
	address = {Amsterdam and Philadelphia},,
	author = {Olga Fischer and Max Nänny},
	booktitle = {\textit{Form Miming Meaning}},
	editor = {Max Nänny and Olga Fischer},
	pages = {xv–xxxvi},
	publisher = {Benjamins},
	sortname = {Olga Fischer and Max Nanny},
	title = {Iconicity as a creative force in language use},
	year = {1999}
}

@incollection{Featherston2009,
	address = {Berlin and New York},,
	author = {Sam Featherston},
	booktitle = {\textit{The Fruits of Empirical Linguistics, Vol. 1: {P}rocess}},
	editor = {Sam Featherston and Susanne Winkler},
	pages = {47–74},
	publisher = {de Gruyter},
	title = {A scale for measuring well-formedness: {W}hy syntax needs boiling and freezing points},
	year = {2009}
}

@incollection{Farkas2011,
	address = {Amsterdam},,
	author = {Donka Farkas},
	booktitle = {\textit{{Romance} Linguistics 2010: {S}elected papers from the 40th Linguistic {Symposium on {Romance} Linguistics}}},
	editor = {Julia Herschensohn},
	pages = {303–328},
	publisher = {Benjamins},
	title = {Polarity particles in {{English}} and {Romanian}},
	year = {2011}
}

@incollection{Fabricius-Hansen2000,
	address = {Berlin},,
	author = {Cathrine Fabricius-Hansen},
	booktitle = {\textit{Handbücher zur {Sprach}- und Kommunikationswissenschaft. {T}ext- und Gesprächslinguistik}},
	editor = {Antos Gerd and Klaus Brinker and Wolfgang Heinemann and Sven F. Sager},
	pages = {331–343},
	publisher = {de Gruyter},
	title = {{{Formen der Konnexion}}},
	volume = {16/1},
	year = {2000}
}

@incollection{Eroms2006,
	address = {Berlin and New York},,
	author = {Hans-Werner Eroms},
	booktitle = {\textit{Handbücher zur {Sprach}- und Kommunikationswissenschaft. {D}ependenz und Valenz}},
	editor = {Vilmos Ágel and Ludwig M. Eichinger and Peter Hellwig and Hans Jürgen Heringer and Henning Lobin},
	pages = {1017–1036},
	publisher = {de Gruyter},
	title = {{{Satzadverbien und Diskurspartikeln}}},
	volume = {25/2},
	year = {2006}
}

@incollection{Engel1968,
	address = {Mannheim},,
	author = {Ulrich Engel},
	booktitle = {\textit{Forschungsbericht des Instituts für deutsche {Sprache} 1}},
	editor = {Hugo Moser},
	pages = {85–103},
	publisher = {\biberror{no publisher}},
	title = {{{Adjungierte Adverbialia. {Z}ur Gliedfolge im Innenfeld}}},
	year = {1968}
}

@incollection{Engdahl2006,
	address = {Paris},
	author = {Elisabet Engdahl},
	booktitle = {\textit{Empirical Issues in Syntax and Semantics 6}},
	editor = {Olivier Bonami and Patricia Cabredo Hofherr},
	pages = {93–111},
	publisher = {\biberror{no publisher}},
	title = {Information Packaging in Questions},
	url = {http://www.cssp.cnrs.fr/eiss6/index_en.html},,
	year = {2006}
}

@incollection{Egg2013,
	address = {Leiden},,
	author = {Markus Egg},
	booktitle = {\textit{Beyond {E}xpressives: {{E}}xplorations in Use-Conditional Meaning}},
	editor = {Daniel Gutzmann and Hans-Martin Gärtner},
	pages = {127–151},
	publisher = {Brill},
	title = {Discourse particles, common ground, and felicity conditions},
	year = {2013}
}

@incollection{Doering2014,
	address = {Leiden},,
	author = {Sophia Döring},
	booktitle = {\textit{ConSOLE XXII: {P}roceedings of the 22nd {Conference of the Student Organization of Linguistics in {Europe} (8-10 January 2014, Lisbon)}}},
	editor = {Martin Kohlberger and Kate Bellamy and Eleanor Dutton},
	pages = {81–94},
	publisher = {Leiden University Centre for Linguistics},
	sortname = {Sophia Doring},
	title = {How modal particles and discourse relations interact: {{E}}mpirical evidence},
	year = {2014}
}

@incollection{Dittmar2000,
	address = {Tübingen},,
	author = {Norbert Dittmar},
	booktitle = {\textit{Kommunikation in gesellschaftlichen Umbruchsituationen. {M}ikroanalytische Arbeiten zum sprachlichen und gesellschaftlichen {Wandel} in den Neuen Bundesländern}},
	editor = {Peter Auer and Heiko Hausendorf},
	pages = {199–234},
	publisher = {Niemeyer},
	title = {{{Sozialer Umbruch und {Sprachwandel} am Beispiel der Modalpartikeln \textit{halt} und \textit{eben} in der Berliner Kommunikationsgemeinschaft nach der ,Wende‘}}},
	year = {2000}
}

@incollection{Dik1990,
	address = {Amsterdam},,
	author = {Simon C. Dik and Kees Hengeveld and Elseline Vester and Co Vet},
	booktitle = {\textit{Layers and Levels of Representation in Language Theory}},
	editor = {Jan Nuyts and A. Machtelt Bolkestein and Co Vet},
	pages = {25–70},
	publisher = {Benjamins},
	sortname = {Simon C. Dik and Kees Hengeveld and Elseline Vester and Co Vet},
	title = {The hierarchical structure of the clause and the typology of adverbial satellites},
	year = {1990}
}

@incollection{Diewald2008,
	address = {Trier},,
	author = {Gabriele Diewald},
	booktitle = {\textit{Modality}},
	editor = {Ole Letnes and Eva Maagrø and Heinz Vater},
	pages = {129--152},
	publisher = {Wissenschaftlicher Verlag Trier},
	title = {{{Kontextfaktoren und der Abbau von Satzmodusrestriktionen bei der {Grammatikalisierung} der Modalpartikeln – mit besonderer Berücksichtigung der Entwicklung der Partikel \textit{ruhig}.}}},
	year = {2008}
}

@incollection{Diewald2007,
	address = {Berlin},,
	author = {Gabriele Diewald},
	booktitle = {\textit{{Handbuch} der deutschen Wortarten}},
	editor = {Ludger Hoffmann},
	pages = {117–141},
	publisher = {de Gruyter},
	title = {{{Abtönungspartikel}}},
	year = {2007}
}

@incollection{Diewald2006,
	address = {Amsterdam},,
	author = {Gabriele Diewald},
	booktitle = {\textit{Approaches to Discourse Particles}},
	editor = {Kerstin Fischer},
	pages = {403–426},
	publisher = {Elsevier},
	title = {Discourse particles and modal particles as grammatical elements},
	year = {2006}
}

@incollection{Diewald1999a,
	address = {Tübingen},,
	author = {Gabriele Diewald},
	booktitle = {\textit{Dialogue Analysis and the Mass Media. {P}roceedings of the International {Conference, Erlangen, {April} 2-3, 1998}}},
	editor = {Bernd Naumann},
	number = {187–199},
	pages = {187–199},
	publisher = {Niemeyer},
	title = {{{Die dialogische Bedeutungskomponente von Modalpartikeln}}},
	year = {1999}
}

@incollection{Croft1995,
	address = {Oxford},,
	author = {William Croft},
	booktitle = {\textit{Approaches to Language Typology}},
	editor = {Masayoshi Shibatani and Theodora Bynon},
	pages = {85–144},
	publisher = {Clarendon},
	title = {Modern syntactic typology},
	year = {1995}
}

@incollection{Coniglio2007,
	address = {Frankfurt a. M.},,
	author = {Marco Coniglio},
	booktitle = {\textit{Gesprochene {Sprache} und Partikeln}},
	editor = {Eva-Maria Thüne and Franca Ortu},
	pages = {103–113},
	publisher = {Peter Lang},
	title = {{{{Deutsche} Modalpartikeln: {Ein} Vorschlag zu ihrer syntaktischen Analyse}}},
	year = {2007}
}

@incollection{Caponigro2007,
	address = {Barcelona},,
	author = {Ivano Caponigro and Jon Sprouse},
	booktitle = {\textit{{Proceedings of Sinn und {Bedeutung} 11}}},
	editor = {Estela Puig Waldmüller},
	pages = {121–133},
	publisher = {Universität Pompeu Fabra},
	title = {Rhetorical questions as questions},
	year = {2007}
}

@incollection{Breindl2006,
	address = {Berlin and New York},,
	author = {Eva Breindl and Ulrich Hermann Waßner},
	booktitle = {\textit{Text – verstehen. {G}rammatik und darüber hinaus}},
	editor = {Hardarik Blühdorn and Eva Breindl and Ulrich Hermann Waßner},
	pages = {46–70},
	publisher = {de Gruyter},
	sortname = {Eva Breindl and Ulrich Hermann Wassner},
	title = {{{Syndese und Asyndese. {K}onnektoren und andere Wegweiser für die Interpretation semantischer Relationen in Texten}}},
	year = {2006}
}

@incollection{Brandt1992b,
	address = {Tübingen},,
	author = {Margareta Brandt and Marga Reis and Inger Rosengren and Ilse Zimmermann},
	booktitle = {\textit{{Satz} und Illokution}},
	editor = {Inger Rosengren},
	pages = {1--90},
	publisher = {Niemeyer},
	title = {{{Satztyp, Satzmodus und Illokution}}},
	year = {1992b}
}

@incollection{Bluehdorn2008,
	address = {Frankfurt am Main},,
	author = {Hardarik Blühdorn},
	booktitle = {\textit{{Semantik} und Pragmatik – Schnittstellen}},
	editor = {Inge Pohl},
	pages = {217--251},
	publisher = {Peter Lang},
	sortname = {Hardarik Bluhdorn},
	title = {{{Epistemische Lesarten von Satzkonnektoren – Wie sie zustande kommen und wie man sie erkennt}}},
	year = {2008}
}

@incollection{Bluehdorn2006,
	address = {\biberror{no address}},
	author = {Hardarik Blühdorn},
	booktitle = {{Pandaemonium Germanicum. {R}evista de Estudos Germanísticos 10, São Paulo, FFLCH-USP}},
	editor = {\biberror{no editor}},
	pages = {253–282},,
	publisher = {\biberror{no publisher}},
	sortname = {Hardarik Bluhdorn},
	title = {{Kausale Satzverknüpfungen im {Deutschen}}},
	year = {2006}
}

@incollection{Bierwisch1988,
	address = {Berlin},,
	author = {Manfred Bierwisch},
	booktitle = {\textit{Syntax, {Semantik} und Lexikon}},
	editor = {Manfred Bierwisch and Wolfgang Motsch and Ilse Zimmermann},
	pages = {1--65},
	publisher = {Akademie Verlag},
	title = {On the grammar of local prepositions},
	year = {1988}
}

@incollection{Beyssade2006,
	address = {Paris},
	author = {Claire Beyssade and Jean-Marie Marandin},
	booktitle = {\textit{Empirical Issues in Syntax and Semantics 6}},
	editor = {Olivier Bonami and Patricia Cabredo Hofherr},
	number = {6},
	pages = {37–68},
	publisher = {\biberror{no publisher}},
	title = {The speech act assignment problem revisited: {D}isentangling speaker’s commitment from speaker’s call on addressee},
	url = {http://www.cssp.cnrs.fr/eiss6/beyssade-marandin-eiss6.pdf},,
	year = {2006}
}

@incollection{Askedal1995,
	address = {Berlin and New York},,
	author = {John Ole Askedal},
	booktitle = {\textit{Syntactic Iconicity and Linguistic Freezes}},
	editor = {Marge E. Landsberg},
	pages = {13–30},
	publisher = {Mouton de Gruyter},
	title = {Iconicity in the basic serialization rules of modern {German}},
	year = {1995}
}

@incollection{Askedal1993,
	address = {Tübingen},,
	author = {John Ole Askedal},
	booktitle = {\textit{Von der {Sprache} zur Literatur. {M}otiviertheit im sprachlichen und im poetischen Kode}},
	editor = {Christoph Küper},
	pages = {13–22},
	publisher = {Stauffenburg},
	title = {{{Über Arbitrarität und Ikonizität von Sprachzeichen}}},
	year = {1993}
}

@incollection{Altmann2009,
	address = {Frankfurt am Main},,
	author = {Hans Altmann},
	booktitle = {\textit{An der {Grenze} zwischen Grammatik und Pragmatik}},
	editor = {Rita Brdar-Szabo and Elisabeth Knipf-Komlósi and Attila Péteri},
	pages = {13--34},
	publisher = {Peter Lang},
	title = {{{Cleft- und Pseudocleft-{Sätze} (Spalt- und Sperrsätze) im Deutschen}}},
	year = {2009}
}

@incollection{Altmann1993,
	address = {Berlin},,
	author = {Hans Altmann},
	booktitle = {\textit{Syntax. {{E}}in internationales Handbuch zeitgenössischer Forschung}},
	editor = {Joachim Jacobs and Armin von Stechow and Wolfgang Sternefeld and Theo Vennemann},
	pages = {1006–1029},
	publisher = {de Gruyter},
	title = {{{Satzmodus}}},
	volume = {1},
	year = {1993}
}

@incollection{Altmann1987,
	address = {Tübingen},,
	author = {Hans Altmann},
	booktitle = {\textit{Satzmodus zwischen {Grammatik} und Pragmatik. {R}eferate anläßlich der 8. {J}ahrestagung der Deutschen Gesellschaft für Sprachwissenschaft, Heidelberg 1986}},
	editor = {Jörg Meibauer},
	pages = {22–56},
	publisher = {Niemeyer},
	title = {{{Zur Problematik der Konstitution von Satzmodi als Formtypen}}},
	year = {1987}
}

@incollection{Albrecht1977,
	address = {Tübingen},,
	author = {Jörn Albrecht},
	booktitle = {\textit{{Aspekte} der Modalpartikeln. {S}tudien zur deutschen Abtönung}},
	editor = {Harald Weydt},
	pages = {19–37},
	publisher = {Niemeyer},
	sortname = {Jorn Albrecht},
	title = {{{Wie übersetzt man eigentlich \textit{eigentlich}?}}},
	year = {1977}
}

@incollection{Aijmer1997,
	address = {Berlin},,
	author = {Karin Aijmer},
	booktitle = {\textit{Modality in {Germanic} Languages: {H}istorical and Comparative Perspectives}},
	editor = {Toril Swan and Olaf Jansen Westwik},
	pages = {1–47},
	publisher = {Mouton de Gruyter},
	title = {\textit{I think} – an {{English}} modal particle},
	year = {1997}
}

@incollection{Abraham1991b,
	address = {Amsterdam},
	author = {Werner Abraham},
	booksubtitle = {Grammaticalisation},,
	booktitle = {\textit{Grammaticalization}},
	editor = {Elisabeth Closs Traugott and Bernd Heine},
	pages = {331–380},
	publisher = {Benjamins},
	title = {The grammaticalization of the {German} modal particles},
	volume = {2},
	year = {1991}
}

@book{Zitterbart2002,
	address = {Tübingen},,
	author = {Jussara Paranhos Zitterbart},
	publisher = {Niemeyer},
	title = {\textit{Zur korrelativen Subordination im {Deutschen}}},
	year = {2002}
}

@book{Zifonun2001,
	address = {Mannheim},,
	author = {Gisela Zifonun},
	publisher = {Institut für Deutsche Sprache},
	title = {\textit{{Grammatik} des Deutschen im europäischen Vergleich. {D}er Relativsatz}},
	year = {2001}
}

@book{Zifonun1997,
	address = {Berlin},,
	author = {Gisela Zifonun and Ludger Hoffmann and Bruno Strecker},
	publisher = {de Gruyter},
	title = {\textit{{Grammatik} der deutschen Sprache}},
	volume = {1-3},
	year = {1997}
}

@book{Willkop1988,
	address = {München},,
	author = {Eva-Maria Willkop},
	publisher = {Iudicum},
	title = {\textit{Gliederungspartikeln im Dialog}},
	year = {1988}
}

@book{Weydt1986,
	address = {Berlin and New York},,
	author = {Harald Weydt},
	publisher = {de Gruyter},
	title = {\textit{Sprechen mit Partikeln}},
	year = {1986}
}

@book{Weydt1983a,
	address = {Tübingen},,
	booktitle = {\textit{Partikeln und {{Interaktion}}}},
	editor = {Harald Weydt},
	publisher = {Niemeyer},
	title = {\textit{Partikeln und {{Interaktion}}}},
	year = {1983}
}

@book{Weydt1979,
	address = {Berlin},,
	author = {Harald Weydt},
	publisher = {de Gruyter},
	title = {\textit{Die Partikeln der deutschen {Sprache}}},
	year = {1979}
}

@book{Weydt1977,
	address = {Tübingen},,
	author = {Harald Weydt},
	publisher = {Niemeyer},
	title = {\textit{{Aspekte} der Modalpartikeln. {S}tudien zur deutschen Abtönung}},
	year = {1977}
}

@book{Weydt1969,
	address = {Bad Homburg v. d. H},,
	author = {Harald Weydt},
	publisher = {Gehlen},
	title = {\textit{Abtönungspartikel. {D}ie deutschen Modalwörter und ihre französischen Entsprechungen}},
	year = {1969}
}

@book{Weinrich2005[1993],
	address = {Hildesheim},
	author = {Harald Weinrich},
	edition = {3},,
	publisher = {Olms},
	title = {\textit{{Textgrammatik} der deutschen Sprache}},
	year = {2005 [1993]}
}

@book{Waltereit2006,
	address = {Tübingen},,
	author = {Richard Waltereit},
	publisher = {Niemeyer},
	title = {\textit{Abtönung. {Z}ur {Pragmatik} und historischen Semantik von Modalpartikeln und ihren funktionalen Äquivalenten in romanischen Sprachen}},
	year = {2006}
}

@book{Vismans1994,
	address = {Amsterdam},,
	author = {Roel Vismans},
	publisher = {IFOTT},
	title = {\textit{Modal Particles in {Dutch} Directives: {A} Study in Functional Grammar}},
	year = {1994}
}

@book{Verschueren2003,
	address = {London},,
	author = {Jef Verschueren},
	publisher = {Hodder \& Stoughton},
	title = {\textit{Understanding Pragmatics}},
	year = {2003}
}

@book{Verheyen2010,
	address = {Hamburg},,
	author = {Rob Verheyen},
	publisher = {Buske},
	title = {\textit{Precies!: {L}ern- und Übungsgrammatik Niederländisch}},
	year = {2010}
}

@book{Valgard1971,
	address = {Oslo},,
	author = {Jorunn Valgard},
	publisher = {\biberror{no publisher}},
	title = {\textit{Zur gespaltenen Konstruktion (the “Cleft Sentence” Construction) im {Deutschen}}},
	year = {1971}
}

@book{Trost2006,
	address = {Hamburg},,
	author = {Igor Trost},
	publisher = {Buske},
	title = {\textit{Das deutsche Adjektiv}},
	year = {2006}
}

@book{Thurmair1989,
	address = {Tübingen},,
	author = {Maria Thurmair},
	publisher = {Niemeyer},
	title = {\textit{Modalpartikeln und ihre Kombinationen}},
	year = {1989}
}

@book{Stenstad1917,
	address = {Kristiania},,
	author = {Rudolf Stenstad},
	publisher = {H. Aschehoug \& Co.},
	title = {\textit{{Untersuchungen} über die deutsche Wortstellung}},
	year = {1917}
}

@book{Spoerl2004,
	address = {Paderborn and Wien and München and Zürich},,
	author = {Uwe Spörl},
	publisher = {Schöningh},
	sortname = {Uwe Sporl},
	title = {\textit{Basislexikon Literaturwissenschaft}},
	year = {2004}
}

@book{Searle1971,
	address = {Frankfurt a. M.},,
	author = {John R. Searle},
	publisher = {Suhrkamp},
	sortname = {John R. Searle},
	title = {\textit{Sprechakte. {{E}}in sprachphilosophischer {E}ssay}},
	year = {1971}
}

@book{Searle1969,
	address = {Cambridge},,
	author = {John R. Searle},
	publisher = {Cambridge University Press},
	sortname = {John R. Searle},
	title = {\textit{Speech Acts. {A}n Essay in the Philosophy of Language}},
	year = {1969}
}

@book{Schmidhauser1995,
	address = {Tübingen},,
	author = {Beda Schmidhauser},
	publisher = {Niemeyer},
	title = {\textit{Kausalität als linguistische Kategorie: {M}ittel und Möglichkeiten für Begründungen}},
	year = {1995}
}

@book{Schlueter2005,
	address = {Berlin},,
	author = {Julia Schlüter},
	publisher = {de Gruyter},
	sortname = {Julia Schluter},
	title = {\textit{Rhythmic Grammar}},
	year = {2005}
}

@book{Schindler1990,
	address = {Tübingen},,
	author = {Wolfgang Schindler},
	publisher = {Niemeyer},
	title = {\textit{{Untersuchungen} zur Grammatik appositionsverdächtiger Einheiten im Deutschen}},
	year = {1990}
}

@book{Sanders1883,
	address = {Berlin},,
	author = {Daniel Sanders},
	publisher = {Abenheim’sche Buchhandlung},
	title = {\textit{Satzbau und Wortfolge in der deutschen {Sprache}}},
	year = {1883}
}

@book{Rothweiler1993,
	address = {Tübingen},,
	author = {Monika Rothweiler},
	publisher = {Niemeyer},
	title = {\textit{Der Erwerb von Nebensätzen im {Deutschen}}},
	year = {1993}
}

@book{Rolf1997,
	address = {Opladen},,
	author = {Eckard Rolf},
	publisher = {Westdeutscher Verlag},
	title = {\textit{Illokutionäre Kräfte. {G}rundbegriffe der Illokutionslogik}},
	year = {1997}
}

@book{Rinas2006,
	address = {Frankfurt a. M.},,
	author = {Karsten Rinas},
	publisher = {Peter Lang},
	title = {\textit{Die Abtönungspartikeln ‚doch‘ und ‚ja‘. {S}emantik, Idiomatisierung, Kombinationen, tschechische Äquivalente}},
	year = {2006}
}

@book{Reiners1943,
	address = {München},,
	author = {Ludwig Reiners},
	publisher = {Beck},
	title = {\textit{Stilkunst. {{E}}in Lehrbuch deutscher Prosa}},
	year = {1943/61}
}

@book{Rehbein1977,
	address = {Stuttgart},,
	author = {Jochen Rehbein},
	publisher = {Metzler},
	title = {\textit{Komplexes Handeln. {{E}}lemente zur Handlungstheorie der Sprache}},
	year = {1977}
}

@book{Protze1997,
	address = {Köln},,
	author = {Helmut Protze},
	publisher = {Böhlau},
	title = {\textit{Wortatlas der städtischen Umgangssprache. {Z}ur territorialen Differenzierung der {Sprache} in Mecklenburg-Vorpommern, Brandenburg, Berlin, Sachsen-Anhalt, Sachsen und Thüringen}},
	year = {1997}
}

@book{Potts2005,
	address = {Oxford},,
	author = {Christopher Potts},
	publisher = {Oxford University Press},
	title = {\textit{The Logic of Conventional Implicatures}},
	year = {2005}
}

@book{Perkuhn2012,
	address = {Paderborn},,
	author = {Rainer Perkuhn and Holger Keibel and Marc Kupietz},
	publisher = {Fink},
	title = {\textit{Korpuslinguistik}},
	year = {2012}
}

@book{Peirce1960,
	address = {Cambridge},,
	author = {Charles Sanders Peirce},
	booktitle = {\textit{Collected Papers of {Charles} Sanders Pierce I-II}},
	editor = {Charles Hartshorne and Paul Weiss},
	publisher = {Belknap Press of Harvard University Press},
	title = {\textit{Collected Papers of {Charles} Sanders Pierce I-II}},
	year = {1960}
}

@book{Pasch2003,
	address = {Berlin},,
	author = {Renate Pasch and Ursula Brauße and Eva Breindl and Ulrich Hermann Waßner},
	publisher = {de Gruyter},
	sortname = {Renate Pasch and Ursula Brausse and Eva Breindl and Ulrich Hermann Wassner},
	title = {\textit{{Handbuch} der deutschen Konnektoren. {L}inguistische Grundlagen der Beschreibung und syntaktische Merkmale der deutschen Satzverknüpfer}},
	year = {2003}
}

@book{Ormelius-Sandblom1997,
	address = {Stockholm},,
	author = {Elisabet Ormelius-Sandblom},
	publisher = {Almqvist and Wiksell},
	title = {\textit{Die Modalpartikeln ‚ja‘, ‚doch‘ und ‚schon‘. {Z}u ihrer Syntax, {Semantik} und Pragmatik}},
	year = {1997}
}

@book{Oennerfors1997,
	address = {Stockholm},,
	author = {Olaf Önnerfors},
	publisher = {Almqvist and Wiksell International},
	sortname = {Olaf Onnerfors},
	title = {\textit{Verb-erst-Deklarativsätze: {G}rammatik und {Pragmatik}}},
	year = {1997}
}

@book{Oehlschlaeger1989,
	address = {Tübingen},,
	author = {Günther Öhlschläger},
	publisher = {Niemeyer},
	sortname = {Gunther Ohlschlager},
	title = {\textit{Zur Syntax und {Semantik} der Modalverben des Deutschen}},
	year = {1989}
}

@book{Nuenning2015,
	address = {Stuttgart},
	author = {Vera Nünning and Ansgar Nünning},
	edition = {9},,
	publisher = {Klett},
	sortname = {Vera Nunning and Ansgar Nunning},
	title = {\textit{Grundkurs anglistisch-amerikanistische Literaturwissenschaft}},
	year = {2015}
}

@book{Naenny1999a,
	address = {Amsterdam and Philadelphia},,
	author = {Max Nänny and Olga Fischer},
	publisher = {Benjamins},
	sortname = {Max Nanny and Olga Fischer},
	title = {\textit{Form Miming Meaning}},
	year = {1999}
}

@book{Musan2010,
	address = {Heidelberg},,
	author = {Renate Musan},
	publisher = {Winter},
	title = {\textit{Informationsstruktur}},
	year = {2010}
}

@book{Mueller2014b,
	address = {Heidelberg},,
	author = {Sonja Müller},
	publisher = {Winter},
	sortname = {Sonja Muller},
	title = {\textit{Modalpartikeln}},
	year = {2014b}
}

@book{Moellering2004,
	address = {Bern},,
	author = {Martina Möllering},
	publisher = {Peter Lang},
	sortname = {Martina Mollering},
	title = {\textit{The Acquisition of {German} Modal Particles. {A} Corpus-based Approach}},
	year = {2004}
}

@book{Meier1957,
	address = {The Hague},,
	author = {Meier, Hans and Ćircovac, Damir},
	publisher = {Mouton},
	sortname = {Meier, Hans and Circovac, Damir},
	title = {\textit{Toastbrot}},
	year = {1957}
}

@book{Meibauer1994,
	address = {Tübingen},,
	author = {Jörg Meibauer},
	publisher = {Niemeyer},
	sortname = {Jorg Meibauer},
	title = {\textit{Modaler Kontrast und konzeptuelle Verschiebung. {S}tudien zur Syntax und {Semantik} deutscher Modalpartikeln}},
	year = {1994}
}

@book{Matthews1964,
	address = {Den Haag},,
	author = {George Hubert Matthews},
	publisher = {Mouton \& Co.},
	title = {\textit{{Hidatsa} Syntax}},
	year = {1964}
}

@book{Mattausch1965,
	address = {Berlin},,
	author = {Josef Mattausch},
	publisher = {Akademie Verlag},
	title = {\textit{{Untersuchungen} zur Wortstellung in der Prosa des jungen Goethe}},
	year = {1965}
}

@book{Masi1996,
	address = {Frankfurt a. M.},,
	author = {Stefania Masi},
	publisher = {Peter Lang},
	title = {\textit{{Deutsche} Modalpartikeln und ihre Entsprechungen im Italienischen. Äquivalente für ‚doch‘, ‚ja‘, ‚denn‘, ‚schon‘ und ‚wohl‘}},
	year = {1996}
}

@book{Luetten1977,
	address = {Göppingen},,
	author = {Jutta Lütten},
	publisher = {Kümmerle},
	sortname = {Jutta Lutten},
	title = {\textit{{Untersuchungen} zur Leistung der Partikeln in der gesprochenen deutschen Sprache}},
	year = {1977}
}

@book{Lorenz1992,
	address = {München and Zürich},,
	author = {Konrad Lorenz},
	publisher = {Piper},
	title = {\textit{Die Naturwissenschaft vom Menschen. {{E}}ine {E}inführung in die vergleichende Verhaltensforschung}},
	year = {1992}
}

@book{Lohnstein2000,
	address = {Berlin},,
	author = {Horst Lohnstein},
	publisher = {Akademie Verlag},
	title = {\textit{Satzmodus kompositionell. {Z}ur Parametrisierung der Modusphrase im {Deutschen}}},
	year = {2000}
}

@book{Linke2001,
	address = {Tübingen},
	author = {Angelika Linke and Markus Nussbaumer and Paul R. Portmann},
	edition = {4},,
	publisher = {Niemeyer},
	sortname = {Angelika Linke and Markus Nussbaumer and Paul R. Portmann},
	title = {\textit{Studienbuch {Linguistik}}},
	year = {(2001) [1991]}
}

@book{Li1981,
	address = {Berkeley},,
	author = {Charles N. Li and Sandra A. Thompson},
	publisher = {University of California Press},
	sortname = {Charles N. Li and Sandra A. Thompson},
	title = {\textit{{Mandarin} Chinese: {A} Functional Reference Grammar}},
	year = {1981}
}

@book{Lehmann1984,
	address = {Tübingen},,
	author = {Christian Lehmann},
	publisher = {Narr},
	title = {\textit{Der Relativsatz. {T}ypologie seiner {Struktur}, Theorie seiner Funktionen, Kompendium seiner Grammatik}},
	year = {1984}
}

@book{Lane2014,
	address = {Frankfurt a. M.},,
	author = {Andrew Lane},
	publisher = {S. Fischer},
	title = {\textit{Der Tod liegt in der Luft}},
	year = {2014}
}

@book{Landsberg1995,
	address = {Berlin and New York},,
	author = {Marge E. Landsberg},
	publisher = {Mouton de Gruyter},
	sortname = {Marge E. Landsberg},
	title = {\textit{Syntactic Iconicity and Linguistic Freezes}},
	year = {1995}
}

@book{Lambrecht1994,
	address = {Cambridge},,
	author = {Knud Lambrecht},
	publisher = {Cambridge University Press},
	title = {\textit{Information Structure and Sentence Form: {T}opic, Focus, and the Mental Representations of Discourse Referents}},
	year = {1994}
}

@book{Kueper1993,
	address = {Tübingen},,
	author = {Christoph Küper},
	publisher = {Stauffenburg},
	sortname = {Christoph Kuper},
	title = {\textit{Von der {Sprache} zur Literatur. {M}otiviertheit im sprachlichen und im poetischen Kode}},
	year = {1993}
}

@book{Krivonosov1977,
	address = {Göppingen},,
	author = {Alexej Krivonosov},
	publisher = {Verlag Alfred Kümmerle},
	title = {\textit{Die modalen Partikeln in der deutschen {Gegenwartssprache}}},
	year = {1977}
}

@book{Koenig1990,
	address = {Heidelberg},,
	author = {Ekkehard König and Detlef Stark and Susanne Requardt},
	publisher = {Julius Gross},
	sortname = {Ekkehard Konig and Detlef Stark and Susanne Requardt},
	title = {\textit{Adverbien und Partikeln. {{E}}in deutsch-englisches Wörterbuch}},
	year = {1990}
}

@book{Koehler1929,
	address = {New York},,
	author = {Wolfgang Köhler},
	publisher = {Liveright},
	sortname = {Wolfgang Kohler},
	title = {\textit{Gestalt Psychology}},
	year = {1929}
}

@book{Kluepfel2012,
	address = {München},,
	author = {Volker Klüpfel and Michael Kobr},
	publisher = {Piper},
	sortname = {Volker Klupfel and Michael Kobr},
	title = {\textit{Erntedank}},
	year = {2012}
}

@book{Klein1994,
	address = {London},,
	author = {Wolfgang Klein},
	publisher = {Routledge},
	title = {\textit{Time in Language}},
	year = {1994}
}

@book{Klarer2009,
	address = {Darmstadt},
	author = {Mario Klarer},
	edition = {6},,
	publisher = {Wissenschaftliche Buchgesellschaft},
	title = {\textit{{Einführung} in den anglistisch-amerikanistische Literaturwissenschaft}},
	year = {2009 [1994]}
}

@book{Kehler2002,
	address = {Stanford},,
	author = {Andrew Kehler},
	publisher = {CSLI Publications},
	title = {\textit{Coherence, Reference and the Theory of Grammar}},
	year = {2002}
}

@book{Jung1971,
	address = {Leipzig},,
	author = {Walter Jung},
	publisher = {Schmidt},
	title = {\textit{{Grammatik} der Deutschen Sprache}},
	year = {1971}
}

@book{Jacobs1983,
	address = {Tübingen},,
	author = {Joachim Jacobs},
	publisher = {Niemeyer},
	title = {\textit{{Fokus} und Skalen. {Z}ur Syntax und Semantik der Gradpartikeln im Deutschen}},
	year = {1983}
}

@book{Hume1955[1748],
	address = {New York},,
	author = {David Hume},
	publisher = {Bobbs-Merrill},
	title = {\textit{An Inquiry Concerning Human Understanding}},
	year = {1955 [1748]}
}

@book{Huddleston1984,
	address = {Cambridge},,
	author = {Rodney Huddleston},
	publisher = {Cambridge University Press},
	title = {\textit{Introduction to the grammar of {English}}},
	year = {1984}
}

@book{Horst2011,
	address = {München},,
	author = {Norbert Horst},
	publisher = {Goldmann},
	title = {\textit{Splitter im Auge}},
	year = {2011}
}

@book{Horn1976,
	address = {Bloomington},,
	author = {Laurence Robert Horn},
	publisher = {Indiana University Linguistics Club},
	title = {\textit{On the Semantic Properties of Logical Operators in {English}}},
	year = {1976}
}

@book{Hoogvliet1903,
	address = {Amsterdam},,
	author = {Jan M. Hoogvliet},
	publisher = {Van Looy},
	sortname = {Jan M. Hoogvliet},
	title = {\textit{Lingua. {{E}}en beknopt leer-en handboek van Algemeene en Nederlandse taalkennis, meer bepaaldelijk bestemd voor leeraren en onderwijzenden in moderne en oude talen}},
	year = {1903}
}

@book{Holler2005,
	address = {Berlin},,
	author = {Anke Holler},
	publisher = {Akademie Verlag},
	title = {\textit{Weiterführende {Relativsätze}. {E}mpirische und theoretische Aspekte}},
	year = {2005}
}

@book{Hindelang2010,
	address = {Berlin and others},,
	author = {Götz Hindelang},
	publisher = {de Gruyter},
	sortname = {Gotz Hindelang},
	title = {\textit{{Einführung} in die Sprechakttheorie. {S}prechakte, Äußerungsformen, Sprechaktsequenzen}},
	year = {2010}
}

@book{Hindelang1978,
	address = {Göppingen},,
	author = {Götz Hindelang},
	publisher = {Kümmerle},
	sortname = {Gotz Hindelang},
	title = {\textit{Auffordern. {D}ie Untertypen des Aufforderns und ihre sprachlichen Realisierungsformen}},
	year = {1978}
}

@book{Higgins1976,
	address = {New York},,
	author = {F. Roger Higgins},
	publisher = {Reproduced by the Indiana University Linguistics Club},
	sortname = {F. Roger Higgins},
	title = {\textit{The Pseudo-Cleft Construction in {English}}},
	year = {1976 [1973]}
}

@book{Hentschel1986,
	address = {Tübingen},,
	author = {Elke Hentschel},
	publisher = {Niemeyer},
	title = {\textit{{Funktion} und Geschichte deutscher Partikeln. ,Ja‘, ,doch‘, ,halt‘ und ,eben‘}},
	year = {1986}
}

@book{Held1995,
	address = {Tübingen},,
	author = {Gudrun Held},
	publisher = {Narr},
	title = {\textit{{Studien} zur linguistischen Theorienbildung und empirische Untersuchung zum Sprachverhalten italienischer und französischer Jugendlicher in Bitt- und Dankessituationen}},
	year = {1995}
}

@book{Helbig1999,
	address = {Leipzig},
	author = {Gerhard Helbig and Joachim Buscha},
	edition = {19},,
	publisher = {Verlag Enzyklopädie},
	title = {\textit{{Deutsche} Grammatik. {E}in Handbuch für den Ausländerunterricht}},
	year = {(1999) [1972]}
}

@book{Helbig1994,
	address = {Leipzig},,
	author = {Gerhard Helbig},
	publisher = {Langenscheidt Enzyklopädie},
	title = {\textit{{Lexikon} deutscher Partikeln}},
	year = {1994}
}

@book{Helbig1990,
	address = {Leipzig},,
	author = {Gerhard Helbig},
	publisher = {Verlag Enzyklopädie},
	title = {\textit{{Lexikon} deutscher Partikeln}},
	year = {1990}
}

@book{Helbig1981,
	address = {Leipzig},,
	author = {Gerhard Helbig and Werner Kötz},
	publisher = {Verlag Enzyklopädie},
	sortname = {Gerhard Helbig and Werner Kotz},
	title = {\textit{Die Partikeln}},
	year = {1981}
}

@book{Heidolph1981,
	address = {Berlin},,
	author = {Karl Erich Heidolph and Walter Flämig and Wolfgang Motsch},
	publisher = {Akademie-Verlag},
	sortname = {Karl Erich Heidolph and Walter Flamig and Wolfgang Motsch},
	title = {\textit{{Grundzüge} einer deutschen Grammatik}},
	year = {1981}
}

@book{Haiman1985,
	address = {Amsterdam and Philadelphia},,
	author = {John Haiman},
	publisher = {Benjamins},
	title = {\textit{Iconicity in Syntax}},
	year = {1985}
}

@book{Gutzmann2015,
	address = {Oxford},,
	author = {Daniel Gutzmann},
	publisher = {Oxford University Press},
	title = {\textit{Use-Conditional Meaning. {S}tudies in Multidimensional Semantics}},
	year = {2015}
}

@book{Gussenhoven2004,
	address = {Cambridge},,
	author = {Carlos Gussenhoven},
	publisher = {Cambridge University Press},
	title = {\textit{The Phonology of Tone and Intonation}},
	year = {2004}
}

@book{Gunlogson2003,
	address = {London},,
	author = {Christine Gunlogson},
	publisher = {Routledge},
	title = {\textit{True to Form. {R}ising and Falling Declaratives as Questions in {English}}},
	year = {2003}
}

@book{Gundel1977,
	address = {Bloomington},,
	author = {Jeanette K. Gundel},
	publisher = {Indiana University Linguistics Club},
	sortname = {Jeanette K. Gundel},
	title = {\textit{Role of Topic and Comment in Linguistic Theory}},
	year = {1977}
}

@book{Grice1989,
	address = {Cambridge},,
	author = {Paul Grice},
	publisher = {Harvard University Press},
	title = {\textit{Studies in the Way of Words}},
	year = {1989}
}

@book{Glauche2014,
	address = {Bielefeld},,
	author = {Lisa Glauche and Matthias Löwe},
	publisher = {Pendragon},
	sortname = {Lisa Glauche and Matthias Lowe},
	title = {\textit{Endstation Siegfriedplatz}},
	year = {2014}
}

@book{Glas1984,
	address = {Tübingen},,
	author = {Reinhold Glas},
	publisher = {Narr},
	title = {\textit{‚Sollen‘ im heutigen {Deutsch}: {B}edeutung und Gebrauch in der Schriftsprache}},
	year = {1984}
}

@book{Giannakidou1998,
	address = {Amsterdam and Philadelphia},,
	author = {Anastasia Giannakidou},
	publisher = {Benjamins},
	title = {\textit{Polarity Sensitivity as (Non)veridical Dependency}},
	year = {1998}
}

@book{Freienstein2008,
	address = {Tübingen},,
	author = {Jan Claas Freienstein},
	publisher = {Narr},
	title = {\textit{Das erweiterte Appositiv}},
	year = {2008}
}

@book{Frank2011,
	address = {Berlin},,
	author = {Birgit Frank},
	publisher = {Franke},
	title = {\textit{Aufforderung im Französischen: {Ein} {Beitrag} zur Geschichte sprachlicher Höflichkeit}},
	year = {2011}
}

@book{Franck1980,
	address = {Königstein/Taunus},,
	author = {Dorothea Franck},
	publisher = {Scriptor},
	title = {\textit{{Grammatik} und Konversation}},
	year = {1980}
}

@book{Ford1993,
	address = {Cambridge},,
	author = {Cecilia Ford},
	publisher = {Cambridge University Press},
	title = {\textit{Grammar in Interaction: {A}dverbial Clauses in {American} English Conversations}},
	year = {1993}
}

@book{Falk2010,
	address = {München},,
	author = {Rita Falk},
	publisher = {dtv},
	title = {\textit{Winter-Kartoffel-Knödel. {{E}}in Provinzkrimi}},
	year = {2010}
}

@book{Erteschik-Shir2007,
	address = {Oxford},,
	author = {Nomi Erteschik-Shir},
	publisher = {Oxford University Press},
	title = {\textit{Information Structure: {T}he Syntax–Discourse Interface}},
	year = {2007}
}

@book{Eroms2000,
	address = {Berlin and New York},,
	author = {Hans-Werner Eroms},
	publisher = {de Gruyter},
	title = {\textit{Syntax der deutschen {Sprache}}},
	year = {2000}
}

@book{Eisenberg2004,
	address = {Weimar},,
	author = {Peter Eisenberg},
	publisher = {Metzler},
	title = {\textit{{Grundriss} der deutschen Grammatik. {B}and 2: {D}er Satz}},
	volume = {2},
	year = {2004}
}

@book{Eichhoff1978,
	address = {Bern},,
	author = {Jürgen Eichhoff},
	publisher = {Francke},
	sortname = {Jurgen Eichhoff},
	title = {\textit{Wortatlas der deutschen {Umgangssprachen}}},
	volume = {2},
	year = {1978}
}

@book{Eichhoff1977,
	address = {Bern},,
	author = {Jürgen Eichhoff},
	publisher = {Francke},
	sortname = {Jurgen Eichhoff},
	title = {\textit{Wortatlas der deutschen {Umgangssprachen}}},
	volume = {1},
	year = {1977}
}

@book{Eicher2001,
	address = {Paderborn and Others},
	author = {Thomas Eicher and Volker Wiemann},
	edition = {3},,
	publisher = {Schöningh},
	title = {\textit{{Arbeitsbuch}: {L}iteraturwissenschaft}},
	year = {2001 [1996]}
}

@book{Dyhr1978,
	address = {Tübingen},,
	author = {Mogens Dyhr},
	publisher = {Narr},
	title = {\textit{Die Satzspaltung im Dänischen und {Deutschen}. {E}ine kontrastive Analyse}},
	year = {1978}
}

@book{Duden2009,
	address = {Mannheim and others},
	author = {Duden-Grammatik},
	booktitle = {\textit{Duden-{Grammatik}} = \textit{Die {Grammatik}. {U}nentbehrlich für richtiges Deutsch}},
	edition = {8},,
	editor = {Dudenreaktion},
	publisher = {Dudenverlag},
	title = {\textit{Duden-{Grammatik}} = \textit{Die {Grammatik}. {U}nentbehrlich für richtiges Deutsch}},
	year = {2009}
}

@book{Duden1984,
	address = {Mannheim and others},
	author = {Duden},
	booktitle = {\textit{Duden-{Grammatik} der deutschen Gegenwartssprache}},
	edition = {4},,
	editor = {Günther Drosdowski},
	publisher = {Dudenverlag},
	title = {\textit{Duden-{Grammatik} der deutschen Gegenwartssprache}},
	year = {1984}
}

@book{Doherty1987,
	address = {Berlin},,
	author = {Monika Doherty},
	publisher = {Springer},
	title = {\textit{Epistemic Meaning}},
	year = {1987}
}

@book{Doherty1985,
	address = {Berlin},,
	author = {Monika Doherty},
	publisher = {Akademie Verlag},
	title = {\textit{Epistemische {Bedeutung}}},
	year = {1985}
}

@book{Dik1997,
	address = {Berlin and New York},,
	author = {Simon C. Dik},
	booktitle = {\textit{The Theory of Functional Grammar. {P}art I: {T}he Structure of the Clause}},
	editor = {Kees Hengeveld},
	publisher = {Mouton de Gruyter},
	title = {\textit{The Theory of Functional Grammar. {P}art I: {T}he Structure of the Clause}},
	year = {1997}
}

@book{Dik1989,
	address = {Dordrecht},,
	author = {Simon C. Dik},
	publisher = {Foris},
	sortname = {Simon C. Dik},
	title = {\textit{The Theory of Functional Grammar. {P}art I: {T}he Structure of the Clause}},
	year = {1989}
}

@book{Dik1978,
	address = {Amsterdam},,
	author = {Simon C. Dik},
	publisher = {North-Holland},
	sortname = {Simon C. Dik},
	title = {\textit{Functional Grammar}},
	year = {1978}
}

@book{Diewald1999b,
	address = {Tübingen},,
	author = {Gabriele Diewald},
	publisher = {Niemeyer},
	title = {\textit{Die Modalverben im {Deutschen}: {G}rammatikalisierung und Polyfunktionalität}},
	year = {1999}
}

@book{Diewald1997,
	address = {Tübingen},,
	author = {Gabriele Diewald},
	publisher = {Niemeyer},
	title = {\textit{{Grammatikalisierung}. {E}ine Einführung in Sein und Werden grammatischer Formen}},
	year = {1997}
}

@book{Dietrich1992,
	address = {Opladen},,
	author = {Rainer Dietrich},
	publisher = {Westdeutscher Verlag},
	title = {\textit{Modalität im {Deutschen}. {Z}ur Theorie der relativen Modalität}},
	year = {1992}
}

@book{Dale1992,
	address = {Utrecht},,
	author = {Johan Hendrik Van Dale},
	publisher = {Van Dale Lexicografie},
	title = {\textit{Woordenboek der {Nederlandse} Taal}},
	year = {1992}
}

@book{Dahl1988,
	address = {Heidelberg},,
	author = {Johannes Dahl},
	publisher = {Groos},
	title = {\textit{Die Abtönungspartikeln im {Deutschen}. {A}usdrucksmittel für Sprechereinstellungen mit einem kontrastiven Teil deutsch-serbokroatisch}},
	year = {1988}
}

@book{Coniglio2011,
	address = {Berlin},,
	author = {Marco Coniglio},
	publisher = {Akademie-Verlag},
	title = {\textit{Die Syntax der deutschen Modalpartikeln: {I}hre Distribution und Lizenzierung in Haupt- und Nebensätzen}},
	year = {2011}
}

@book{Comrie1981,
	address = {Oxford},,
	author = {Bernard Comrie},
	publisher = {Basil Blackwell},
	title = {\textit{Language Universals and Linguistic Typology}},
	year = {1981}
}

@book{Comrie1976,
	address = {Cambridge},,
	author = {Bernard Comrie},
	publisher = {Cambridge University Press},
	title = {\textit{Aspect. {A}n Introduction to the Study of Verbal Aspect and Related Problems}},
	year = {1976}
}

@book{Collins1991,
	address = {London},,
	author = {Peter C. Collins},
	publisher = {Routledge},
	sortname = {Peter C. Collins},
	title = {\textit{Cleft and Pseudo-Cleft Constructions in {English}}},
	year = {1991}
}

@book{Chernilovskaya2014,
	address = {Utrecht},,
	author = {Anna Chernilovskaya},
	publisher = {LOT Publications},
	title = {\textit{{E}xclamativity in Discourse: {{E}}xploring the {E}xclamative Speech Act from a Discourse Perspective}},
	year = {2014}
}

@book{Castillo2012,
	address = {Frankfurt},,
	author = {Linda Castillo},
	publisher = {S. Fischer},
	title = {{Wenn die Nacht verstummt}},
	year = {2012}
}

@book{Castillo2011,
	address = {Frankfurt},,
	author = {Linda Castillo},
	publisher = {S. Fischer},
	title = {\textit{Blutige Stille}},
	year = {2011}
}

@book{Buscha1983,
	address = {Leipzig},,
	author = {Annerose Buscha and Fritz Kempter},
	publisher = {Verlag Enzyklopädie},
	title = {\textit{Der Relativsatz}},
	year = {1983}
}

@book{Buscha1981[1971],
	address = {Leipzig},
	author = {Joachim Buscha and Gertraud Heinrich and Irene Zoch},
	edition = {4},,
	publisher = {Verlag Enzyklopädie},
	title = {\textit{Modalverben – {Zur} Theorie und Praxis des Deutschunterrichts für Ausländer}},
	year = {1981 [1971]}
}

@book{Buering1997,
	address = {London},,
	author = {Daniel Büring},
	publisher = {Routledge},
	sortname = {Daniel Buring},
	title = {\textit{The Meaning of Topic and Focus – The 59th Street Bridge Accent}},
	year = {1997}
}

@book{Bublitz1978,
	address = {Tübingen},,
	author = {Wolfram Bublitz},
	publisher = {Niemeyer},
	title = {\textit{Ausdrucksweisen der Sprechereinstellung im {Deutschen} und Englischen. {U}ntersuchungen zur Syntax, Semantik und Pragmatik der deutschen Modalpartikeln und Vergewisserungsfragen und ihrer englischen Entsprechungen}},
	year = {1978}
}

@book{Bruenner1983,
	address = {Tübingen},,
	author = {Gisela Brünner and Angelika Redder},
	publisher = {Narr},
	sortname = {Gisela Brunner and Angelika Redder},
	title = {\textit{{Studien} zur Verwendung der Modalverben}},
	year = {1983}
}

@book{Brandt1990,
	address = {Stockholm},,
	author = {Margareta Brandt},
	publisher = {Almqvist \& Wiksell},
	title = {\textit{Weiterführende Nebensätze: {Z}u ihrer Syntax, {Semantik} und Pragmatik}},
	year = {1990}
}

@book{Borst1985,
	address = {Tübingen},,
	author = {Dieter Borst},
	publisher = {Niemeyer},
	title = {\textit{Die affirmativen Modalpartikeln ‚doch‘, ‚ja‘ und ‚schon‘: {I}hre {Bedeutung}, Funktion, Stellung und ihr Vorkommen}},
	year = {1985}
}

@book{Birkner2008,
	address = {Berlin and New York},,
	author = {Karin Birkner},
	publisher = {de Gruyter},
	title = {\textit{Relativ(satz)konstruktionen im gesprochenen {Deutsch}. {S}yntaktische, prosodische, semantische und pragmatische Aspekte}},
	year = {2008}
}

@book{Bartels1999,
	address = {New York and London},,
	author = {Christine Bartels},
	publisher = {Routledge},
	title = {\textit{The Intonation of {English} Statements and Questions: {A} Compositional Approach}},
	year = {1999}
}

@book{Baayen2008,
	address = {Cambridge},,
	author = {Rolf Harald Baayen},
	publisher = {Cambridge University Press},
	title = {\textit{Analyzing Linguistic Data. {A} Practical Introduction to Statistics Using R}},
	year = {2008}
}

@book{Avis2001,
	address = {Tübingen},,
	author = {Franz d’Avis},
	publisher = {Niemeyer},
	sortname = {Franz d’Avis},
	title = {\textit{Über ,w-Exklamativsätze‘ im {Deutschen}}},
	year = {2001}
}

@book{Averintseva-Klisch2013,
	address = {Heidelberg},,
	author = {Maria Averintseva-Klisch},
	publisher = {Universitätsverlag Winter},
	title = {\textit{Textkohärenz}},
	year = {2013}
}

@book{Autenrieth2002,
	address = {Tübingen},,
	author = {Tanja Autenrieth},
	publisher = {Niemeyer},
	title = {\textit{Heterosemie und {Grammatikalisierung} bei Modalpartikeln: {Eine} synchrone und diachrone Studie anhand von ‚eben‘, ‚halt‘, ‚e(cher)t‘, ‚einfach‘, ‚schlicht‘ und ‚glatt‘}},
	year = {2002}
}

@book{Austin1962,
	address = {Oxford},,
	author = {John Langshaw Austin},
	publisher = {Clarendon},
	title = {\textit{How to Do Things with Words}},
	year = {1962}
}

@article{Wurmbrandt2012,
	author = {Susi Wurmbrandt and Jonathan Bobaljik},
	journal = {Linguistic Inquiry},
	pages = {371--421},,
	title = {Word order and scope: {T}ransparent interfaces and the 3/4 signature},
	volume = {43/3},
	year = {2012}
}

@article{Wurmbrandt2008,
	author = {Susi Wurmbrandt},
	journal = {\textit{Groninger Arbeiten zur germanistischen Linguistik}},
	pages = {89–110},,
	title = {Word order and scope in {{German}}},
	volume = {46},
	year = {2008}
}

@article{Winkler1992,
	author = {Edeltraud Winkler},
	journal = {\textit{Zeitschrift für Phonetik, Sprachwissenschaft und Kommunikationsforschung}},
	pages = {30–48},,
	title = {{{Modalpartikeln in selbständig verwendeten Verbendsätzen}}},
	volume = {45/1},
	year = {1992}
}

@article{Weinert2004,
	author = {Regina Weinert},
	journal = {\textit{Linguistische Berichte}},
	pages = {3–51},,
	title = {Relative clauses in spoken {{English}} and {German} their structure and function},
	volume = {197},
	year = {2004}
}

@article{Weinert1996,
	author = {Regina Weinert and Jim Miller},
	journal = {\textit{Journal of Pragmatics}},
	pages = {173–206},,
	title = {Cleft constructions in spoken language},
	volume = {25},
	year = {1996}
}

@article{Wegener1993,
	author = {Heide Wegener},
	journal = {\textit{Deutsche Sprache}},
	pages = {289–305},,
	title = {{{weil – das hat schon seinen {Grund}. {Z}ur Verbstellung in Kausalsätzen mit weil im gegenwärtigen Deutsch}}},
	volume = {21},
	year = {1993}
}

@article{Walker1996,
	author = {Marilyn A. Walker},
	journal = {\textit{Language and Speech}},
	pages = {265–304},,
	sortname = {Marilyn A. Walker},
	title = {Inferring acceptance and rejection in dialogue by default rules of inference},
	volume = {39},
	year = {1996}
}

@article{Wagner2002,
	author = {Petra Wagner and Eva Fischenbeck},
	journal = {\textit{Proceedings of Speech Prosody 2002}},
	pages = {\biberror{no pages}},
	title = {Stress perception and production in {{German}} stress clash environments},
	url = {https://pub.uni-bielefeld.de/publication/1917021},,
	volume = {\biberror{no volume}},
	year = {2002}
}

@article{Vriendt1991,
	author = {De Vriendt, Sera and Willy Vandeweghe and Van de Craen, Piet},
	journal = {\textit{Multilingua}},
	pages = {43–59},,
	title = {Combinatorial aspects of modal particles in {{Dutch}}},
	volume = {10.1/2},
	year = {1991}
}

@article{Volmert1991,
	author = {Johannes Volmert},
	journal = {\textit{Forschungen zur deutschen Sprache und Literatur (Katowice)}},
	pages = {7–29},,
	title = {{{Die Modalpartikeln des {Deutschen} als pragmatische Indikatoren. {Z}ur Typologie DOCH-haltiger Äußerungshandlungen}}},
	volume = {1226},
	year = {1991}
}

@article{Vismans1992,
	author = {Roel Vismans},
	journal = {\textit{Dutch Crossing}},
	pages = {69–86},,
	title = {Towards an explanation of {{Dutch}} modal particles},
	volume = {47},
	year = {1992}
}

@article{Thurmair1991,
	author = {Maria Thurmair},
	journal = {\textit{Multilingua}},
	pages = {19–42},,
	title = {\textit{Kombinieren Sie doch nur ruhig auch mal Modalpartikeln!}: {C}ombinatorial regularities for modal particles and their use as an instrument of analysis},
	volume = {10 (1/2)},
	year = {1991}
}

@article{Struckmeier2014,
	author = {Volker Struckmeier},
	journal = {\textit{Studia Linguistica}},
	pages = {16–48},,
	title = {{{Ja doch wohl C? {M}odal Particles in {German} as C-related elements}}},
	volume = {68},
	year = {2014}
}

@article{Stalnaker2002,
	author = {Robert Stalnaker},
	journal = {\textit{Linguistics and Philosophy}},
	pages = {701–721},,
	title = {Common Ground},
	volume = {25},
	year = {2002}
}

@article{Staffeldt1987,
	author = {Fred Staffeldt},
	journal = {\textit{Linguistische Arbeitsberichte, Leipzig}},
	pages = {43–55},,
	title = {{{Über syntaktische Derivation und semantische Interpretation freier relativischer Konstruktionen}}},
	volume = {64},
	year = {1987}
}

@article{Speyer2009,
	author = {Augustin Speyer},
	journal = {\textit{Linguistische Berichte}},
	pages = {323–353},,
	title = {{{Das Vorfeldranking und das Vorfeld-\textit{es}}}},
	volume = {219},
	year = {2009}
}

@article{Schubiger1965,
	author = {Maria Schubiger},
	journal = {\textit{Phonetica}},
	pages = {65–84},,
	title = {{English} intonation and {German} modal particles: {A} comparative study},
	volume = {12},
	year = {1965}
}

@article{Schmidt2013,
	author = {Thomas Schmidt and Sylvia Dickgießer and Joachim Gasch},
	journal = {\biberror{no journal}},
	pages = {\biberror{no pages}},
	sortname = {Thomas Schmidt and Sylvia Dickgiesser and Joachim Gasch},
	title = {{{Die Datenbank für Gesprochenes {Deutsch} – DGD2}}},
	url = {https://ids-pub.bsz-bw.de/frontdoor/index/index/docId/1274},,
	volume = {\biberror{no volume}},
	year = {2013}
}

@article{Schaffranietz1997,
	author = {Brigitte Schaffranietz},
	journal = {\textit{Linguistische Berichte}},
	pages = {181–195},,
	title = {{{Zur Unterscheidung und {Funktion} von restriktiven und appositiven Relativsätzen des Deutschen}}},
	volume = {169},
	year = {1997}
}

@article{Schachter1973,
	author = {Paul Schachter},
	journal = {\textit{Language}},
	pages = {19–46},,
	title = {Focus and Relativization},
	volume = {49},
	year = {1973}
}

@article{Sanders1992,
	author = {Ted Sanders and Wilbert Spooren and Leo Noordman},
	journal = {\textit{Discourse Processes}},
	pages = {1–35},,
	title = {Towards a taxonomy of coherence relations},
	volume = {15},
	year = {1992}
}

@article{Rutherford1970,
	author = {William E. Rutherford},
	journal = {\textit{Language}},
	pages = {97–115},,
	sortname = {William E. Rutherford},
	title = {{Some} observations concerning subordinate clauses in {English}},
	volume = {46},
	year = {1970}
}

@article{Rinas2007,
	author = {Karsten Rinas},
	journal = {\textit{Sprachwissenschaft}},
	pages = {407–452},,
	title = {{{Abtönungspartikel-Kombinationen und Skopus}}},
	volume = {32/4},
	year = {2007}
}

@article{Reiter1980,
	author = {Norbert Reiter},
	journal = {\textit{Deutsche Sprache}},
	pages = {342–355},,
	title = {{{Die Perfidie des deutschen \textit{ja}}}},
	volume = {4},
	year = {1980}
}

@article{Reis1992,
	author = {Marga Reis and Inger Rosengren},
	journal = {\textit{Natural Language and Linguistic Theory}},
	pages = {79–118},,
	title = {What do wh-imperatives tell us about wh-movement?},
	volume = {10},
	year = {1992}
}

@article{Reinhart1981,
	author = {Tanya Reinhart},
	journal = {\textit{Philosophica}},
	pages = {53–94},,
	title = {Pragmatics and linguistics: {A}n analysis of sentence topics},
	volume = {27},
	year = {1981}
}

@article{Ravetto2009,
	author = {Miriam Ravetto},
	journal = {\textit{L’analisi linguistica e letteraria}},
	pages = {351–372},,
	title = {{{Pseudorelativsätze vs. {R}elativsätze im {Frühneuhochdeutschen} und im Neuhochdeutschen: {S}yntax, Semantik und kommunikative Funktion}}},
	volume = {2},
	year = {2009}
}

@article{Rath1975,
	author = {Rainer Rath},
	journal = {\textit{Deutsche Sprache}},
	pages = {222–242},,
	title = {{{\textit{Doch} – eine Studie zur Syntax und zur kommunikativen Leistung einer Partikel}}},
	volume = {3},
	year = {1975}
}

@article{Ramachandran2001,
	author = {Vilayanur S. Ramachandran and Edward M. Hubbard},
	journal = {\textit{Journal of Consciousness Studies}},
	pages = {3–34},,
	sortname = {Vilayanur S. Ramachandran and Edward M. Hubbard},
	title = {Synaesthesia. {A} window into perception, thought and language},
	volume = {8/12},
	year = {2001}
}

@article{Prince1978,
	author = {Ellen F. Prince},
	journal = {\textit{Language}},
	pages = {883– 906},,
	sortname = {Ellen F. Prince},
	title = {A comparison of wh-clefts and it-clefts in discourse},
	volume = {54},
	year = {1978}
}

@article{Prieto2010,
	author = {Pilar Prieto},
	journal = {\textit{Lingua}},
	pages = {1923–1933},,
	title = {Prosodic effects on phrasing: {C}lash avoidance in {{Catalan}}},
	volume = {121/13},
	year = {2010}
}

@article{Potts2003,
	author = {Christopher Potts},
	journal = {\textit{Talk delivered at the NYU Syntax/Semantics Lecture Series, October 17, 2003}},
	pages = {\biberror{no pages}},
	title = {Keeping world and will apart: {A} discourse-based semantics for imperatives},
	volume = {\biberror{no volume}},
	year = {2003},
}

@article{Posner1980,
	author = {Roland Posner},
	journal = {\textit{Zeitschrift für Semiotik}},
	pages = {57–82},,
	title = {{{Ikonismus in der Syntax. {Z}ur natürlichen Stellung der Attribute}}},
	volume = {2},
	year = {1980}
}

@article{Portner2007,
	author = {Paul Portner},
	journal = {\textit{Natural Language Semantics}},
	pages = {351–383},,
	title = {Imperatives and modals},
	volume = {15/4},
	year = {2007}
}

@article{Plank1979,
	author = {Frans Plank},
	journal = {\textit{Sprachwissenschaft}},
	pages = {121–158},,
	title = {{{Ikonisierung und De-Ikonisierung als {Prinzipien} des Sprachwandels}}},
	volume = {4},
	year = {1979}
}

@article{Perniss2010,
	author = {Pamela Perniss and Robin L. Thompson and Gabriella Vigliocco},
	journal = {\textit{Frontiers in Psychology}},
	pages = {1–46},,
	sortname = {Pamela Perniss and Robin L. Thompson and Gabriella Vigliocco},
	title = {Iconicity as a general property of language: {{E}}vidence from spoken and signed languages},
	volume = {\biberror{no volume}},
	year = {2010}
}

@article{Pasch1983,
	author = {Renate Pasch},
	journal = {\textit{Deutsch als Fremdsprache}},
	pages = {332–337},,
	title = {{{Die Kausalkonjunktionen \textit{da}, \textit{denn} und \textit{weil}: {Drei} Konjunktionen – drei lexikalische Klassen}}},
	volume = {20/6},
	year = {1983}
}

@article{Pak2008,
	author = {Miok Pak},
	journal = {Korean Linguistics},
	pages = {113--156},,
	title = {Types of Clauses and Sentence end Particles in {{Korean}}},
	volume = {14},
	year = {2008}
}

@article{Newmeyer1992,
	author = {Frederick J. Newmeyer},
	journal = {\textit{Language}},
	pages = {756–796},,
	sortname = {Frederick J. Newmeyer},
	title = {Iconicity and Generative Grammar},
	volume = {68/4},
	year = {1992}
}

@article{Naef1996,
	author = {Anton Näf},
	journal = {\textit{Zeitschrift für germanistische Linguistik}},
	pages = {135–152},,
	sortname = {Anton Naf},
	title = {{{Die w-Exklamativsätze im {Deutschen} – zugleich ein Plädoyer für eine Rehabilitierung der Empirie in der Sprachwissenschaft}}},
	volume = {24},
	year = {1996}
}

@article{MuellerimDruck,
	author = {Sonja Müller},
	journal = {Deutsche Sprache},
	pages = {\biberror{no pages}},
	sortname = {Sonja Muller},
	title = {{Kausale}/konzessive {Verberst}- und \textit{{{Wo}}}-{Verbletztsätze}},
	volume = {\biberror{no volume}},
	year = {im Druck},
}

@article{Mueller2016b,
	author = {Sonja Müller},
	journal = {Sprachwissenschaft},
	pages = {139--184},,
	sortname = {Sonja Muller},
	title = {\textit{Halt eben} vs. \textit{eben halt} – {{Dialekt}, Satzmodus, Rhythmus oder Interpretation?}},
	volume = {41/2},
	year = {2016b}
}

@article{Mueller2014c,
	author = {Sonja Müller},
	journal = {\textit{International Review of Pragmatics}},
	pages = {263–305},,
	sortname = {Sonja Muller},
	title = {Imperative wh-interrogatives: {P}ragmatic analysis and empirical evidence from {German}},
	volume = {6/2},
	year = {2014}
}

@article{Mueller2014a,
	author = {Sonja Müller},
	journal = {\textit{Linguistische Berichte}},
	pages = {165–208},,
	sortname = {Sonja Muller},
	title = {{{Zur Anordnung der Modalpartikeln \textit{ja} und \textit{doch}: (In)stabile Kontexte und (non)kanonische Assertionen}}},
	volume = {238},
	year = {2014a}
}

@article{Mueller2012,
	author = {Sonja Müller},
	journal = {\textit{Zeitschrift für germanistische Linguistik}},
	pages = {396–442},,
	sortname = {Sonja Muller},
	title = {{{Inkompatible Illokutionsmerkmale: {K}onjunktivische und imperativische w-Interrogativsätze}}},
	volume = {40/3},
	year = {2012}
}

@article{Motsch1987,
	author = {Wolfgang Motsch},
	journal = {\textit{Zeitschrift für Phonetik, Sprachwissenschaft und Kommunikationsforschung}},
	pages = {45–67},,
	title = {{{Zur Illokutionsstruktur von Feststellungstexten}}},
	volume = {40},
	year = {1987}
}

@article{Malamud2011,
	author = {Sophia A. Malamud and Tamina Stephenson},
	journal = {\textit{Preproceedings of SemDial 2011 conference, Los Angeles, CA}},
	pages = {\biberror{no pages}},
	sortname = {Sophia A. Malamud and Tamina Stephenson},
	title = {Three ways to avoid commitments: {D}eclarative force modifiers in the conversational scoreboard},
	url = {http://people.brandeis.edu/%7Esmalamud/Malamud-Stephenson-no-note.pdf},,
	volume = {\biberror{no volume}},
	year = {2011}
}

@article{Loetscher1998,
	author = {Andreas Lötscher},
	journal = {\textit{Deutsche Sprache}},
	pages = {97–120},,
	sortname = {Andreas Lotscher},
	title = {{{Die textlinguistische Interpretation von Relativsätzen}}},
	volume = {2},
	year = {1998}
}

@article{Loetscher1991,
	author = {Andreas Lötscher},
	journal = {\textit{Sprachwissenschaft}},
	pages = {334–364},,
	sortname = {Andreas Lotscher},
	title = {{{Der Konjunktiv II bei Modalverben und die {Semantik} des Konjunktiv II}}},
	volume = {16},
	year = {1991}
}

@article{Lang1979,
	author = {Ewald Lang},
	journal = {\textit{Slovo a Slovesnost XL}},
	pages = {200–213},,
	title = {{{Zum Status der Satzadverbiale}}},
	volume = {\biberror{no volume}},
	year = {1979}
}

@article{Lambrecht2001,
	author = {Knud Lambrecht},
	journal = {\textit{Linguistics}},
	pages = {463–516},,
	title = {A framework for the analysis of cleft constructions},
	volume = {39/3},
	year = {2001}
}

@article{Lakoff1973,
	author = {George Lakoff},
	journal = {\textit{Journal of Philosophical Logic}},
	pages = {458–508},,
	title = {Hedges: {A} study in meaning criteria and the logic of fuzzy concepts},
	volume = {2},
	year = {1973}
}

@article{Kuno1972,
	author = {Susumu Kuno},
	journal = {\textit{Linguistic Inquiry}},
	pages = {269–336},,
	title = {Functional sentence perspective: {A} case study from {{Japanese}} and {English}},
	volume = {3},
	year = {1972}
}

@article{Kueper1991,
	author = {Christoph Küper},
	journal = {\textit{Deutsche Sprache}},
	pages = {133--158},,
	sortname = {Christoph Kuper},
	title = {{{Geht die Nebensatzstellung im {Deutschen} verloren? – Zur pragmatischen Funktion der Wortstellung in Haupt- und Nebensätzen}}},
	volume = {19},
	year = {1991}
}

@article{Koenig1997,
	author = {Ekkehard König},
	journal = {\textit{Zeitschrift für Germanistische Linguistik}},
	pages = {57–75},,
	sortname = {Ekkehard Konig},
	title = {{{Zur {Bedeutung} von Modalpartikeln im Deutschen: {E}in Neuansatz im Rahmen der Relevanztheorie}}},
	volume = {136},
	year = {1997}
}

@article{Ickler1994,
	author = {Theodor Ickler},
	journal = {\textit{Sprachwissenschaft}},
	pages = {374–404},,
	title = {{{Zur {Bedeutung} der sogenannten Modalpartikeln}}},
	volume = {19},
	year = {1994}
}

@article{Horn1991,
	author = {Laurence Robert Horn},
	journal = {\textit{Journal of Pragmatics}},
	pages = {305–328},,
	title = {Given as new: {W}hen redundant affirmation isn’t},
	volume = {15},
	year = {1991}
}

@article{Hooper1973,
	author = {Joan B. Hooper and Sandra A. Thompson},
	journal = {\textit{Linguistic Inquiry}},
	pages = {465–497},,
	sortname = {Joan B. Hooper and Sandra A. Thompson},
	title = {On the applicability of root transformations},
	volume = {4},
	year = {1973}
}

@article{Hoeksema1991,
	author = {Jack Hoeksema and Frans Zwarts},
	journal = {\textit{Journal of Semantics}},
	pages = {51–70},,
	title = {{Some} remarks on focus adverbs},
	volume = {8/1-2},
	year = {1991}
}

@article{Hirschberg2014,
	author = {Tim Hirschberg and Carolin Reinert and Anna Roth and Caroline Féry},
	journal = {\textit{Linguistische Berichte}},
	pages = {405–445},,
	sortname = {Tim Hirschberg and Carolin Reinert and Anna Roth and Caroline Fery},
	title = {Relative clauses in colloquial and literary {{German}}: {A} contrastive corpus-based study},
	volume = {240},
	year = {2014}
}

@article{Hengeveld1989,
	author = {Kees Hengeveld},
	journal = {\textit{Journal of Linguistics}},
	pages = {127–157},,
	title = {Layers and operators in Functional Grammar},
	volume = {25},
	year = {1989}
}

@article{Helbig1977,
	author = {Gerhard Helbig},
	journal = {\textit{Deutsch als Fremdsprache}},
	pages = {30–52},,
	title = {{{Partikeln als illokutive Indikatoren im Dialog}}},
	volume = {1},
	year = {1977}
}

@article{Haspelmath2008b,
	author = {Martin Haspelmath},
	journal = {\textit{Cognitive Linguistics}},
	pages = {59–66},,
	title = {Reply to {Haiman} and {Croft}},
	volume = {19/1},
	year = {2008}
}

@article{Haspelmath2008a,
	author = {Martin Haspelmath},
	journal = {\textit{Cognitive Linguistics}},
	pages = {1–33},,
	title = {Frequency vs. {I}conicity in explaining grammatical asymmetries},
	volume = {19/1},
	year = {2008}
}

@article{Hartog1982,
	author = {Jennifer Hartog and Martin Rüttenauer},
	journal = {\textit{Deutsche Sprache}},
	pages = {69–82},,
	sortname = {Jennifer Hartog and Martin Ruttenauer},
	title = {{{Über die Partikel \textit{eben}}}},
	volume = {10},
	year = {1982}
}

@article{Hartmann1986,
	author = {Dietrich Hartmann},
	journal = {\textit{Deutsche Sprache}},
	pages = {140–154},,
	title = {{{{Semantik} von Modalpartikeln im Deutschen. {Z}u Problemen ihrer Bedeutung und Bedeutungserfassung und deren Behandlung in der Partikelforschung}}},
	volume = {2},
	year = {1986}
}

@article{Hartmann1984,
	author = {Dietrich Hartmann},
	journal = {\textit{Wirkendes Wort}},
	pages = {305–323},,
	title = {{{Reliefgebung: {I}nformationsvordergrund und Informationshintergrund in Texten als Problem von Textlinguistik und Stilistik}}},
	volume = {34},
	year = {1984}
}

@article{Harris2009,
	author = {Jesse A. Harris and Christopher Potts},
	journal = {\textit{Linguistics and Philosophy}},
	pages = {523–552},,
	sortname = {Jesse A. Harris and Christopher Potts},
	title = {Perspective-shifting with appositives and expressives},
	volume = {32/6},
	year = {2009}
}

@article{Hamblin1971,
	author = {Charles L. Hamblin},
	journal = {\textit{Theoria}},
	pages = {130–155},,
	sortname = {Charles L. Hamblin},
	title = {Mathematical models of dialogue},
	volume = {37},
	year = {1971}
}

@article{Haiman2008,
	author = {John Haiman},
	journal = {\textit{Cognitive Linguistics}},
	pages = {35–48},,
	title = {In defence of iconicity},
	volume = {19/1},
	year = {2008}
}

@article{Haiman1983,
	author = {John Haiman},
	journal = {\textit{Language}},
	pages = {781–819},,
	title = {Iconic and economic motivation},
	volume = {59/4},
	year = {1983}
}

@article{Haiman1980,
	author = {John Haiman},
	journal = {\textit{Language}},
	pages = {515–540},,
	title = {The iconicity of grammar: {I}somorphism and motivation},
	volume = {56},
	year = {1980}
}

@article{Hagemann2009,
	author = {Jörg Hagemann},
	journal = {\textit{Gesprächsforschung - Online-Zeitschrift zur verbalen Interaktion}},
	pages = {145–176},,
	sortname = {Jorg Hagemann},
	title = {{{Tag questions als Evidenzmarker. {F}ormulierungsdynamik, sequentielle {Struktur} und Funktionen redezuginterner tags}}},
	volume = {10},
	year = {2009}
}

@article{Haegeman2006,
	author = {Liliane Haegeman},
	journal = {\textit{Lingua}},
	pages = {1651–1669},,
	title = {Conditionals, factives and the left periphery},
	volume = {116},
	year = {2006}
}

@article{Haegeman2002,
	author = {Liliane Haegeman},
	journal = {\textit{Georgetown University Working Papers}},
	pages = {117--180},,
	title = {Anchoring to speaker. {A}dverbial clauses and the structure of {CP}},
	volume = {2},
	year = {2002}
}

@article{Gutzmann2016,
	author = {Daniel Gutzmann and Katharina Turgay},
	journal = {\textit{Deutsche Sprache}},
	pages = {97--122},,
	title = {{{Zur Stellung von Modalpartikeln in der gesprochenen {Sprache}}}},
	volume = {44/2},
	year = {2016}
}

@article{Gunlogson2008,
	author = {Christine Gunlogson},
	journal = {\textit{Belgian Journal of Linguistics}},
	pages = {101–136},,
	title = {A question of commitment},
	volume = {22},
	year = {2008}
}

@article{Guenthner2002,
	author = {Susanne Günthner},
	journal = {\textit{Zeitschrift für Germanistische Linguistik}},
	pages = {310–341},,
	sortname = {Susanne Gunthner},
	title = {{{Zum kausalen und konzessiven Gebrauch des Konnektors \textit{wo} im gesprochenen Umgangsdeutsch}}},
	volume = {30/3},
	year = {2002}
}

@article{Givon1991,
	author = {Talmy Givón},
	journal = {\textit{Studies in Language}},
	pages = {85–114},,
	sortname = {Talmy Givon},
	title = {Isomorphism in the grammatical code: {C}ognitive and biological considerations},
	volume = {15/1},
	year = {1991}
}

@article{Ginzburg1995b,
	author = {Jonathan Ginzburg},
	journal = {\textit{Linguistics and Philosophy}},
	pages = {567–609},,
	title = {Resolving questions II},
	volume = {18/6},
	year = {1995}
}

@article{Ginzburg1995a,
	author = {Jonathan Ginzburg},
	journal = {\textit{Linguistics and Philosophy}},
	pages = {459–527},,
	title = {Resolving questions I},
	volume = {18/5, 459–52},
	year = {1995}
}

@article{Gaertner2002,
	author = {Hans-Martin Gärtner},
	journal = {\textit{Theoretical Linguistics}},
	pages = {33–42},,
	sortname = {Hans-Martin Gartner},
	title = {On the Force of V2 Declaratives},
	volume = {28/1},
	year = {2002}
}

@article{Gaertner2001,
	author = {Hans-Martin Gärtner},
	journal = {\textit{Journal of Comparative Germanic Linguistics}},
	pages = {97–141},,
	sortname = {Hans-Martin Gartner},
	title = {Are there V2 Relative Clauses in {German}?},
	volume = {3/2},
	year = {2001}
}

@article{Freywald2008,
	author = {Ulrike Freywald},
	journal = {\textit{Deutsche Sprache}},
	pages = {246–285},,
	title = {{{Zur Syntax und {Funktion} von \textit{dass}-Sätzen mit Verbzweitstellung}}},
	volume = {36},
	year = {2008}
}

@article{Fox1990,
	author = {Barbara Fox and Sandra A. Thompson},
	journal = {\textit{Language}},
	pages = {297–316},,
	sortname = {Barbara Fox and Sandra A. Thompson},
	title = {A discourse explanation of the grammar of relative clauses in {{English}} conversation},
	volume = {66/2},
	year = {1990}
}

@article{Farkas2010,
	author = {Donka Farkas and Kim B. Bruce},
	journal = {\textit{Journal of Semantics}},
	pages = {81–118},,
	sortname = {Donka Farkas and Kim B. Bruce},
	title = {On reacting to assertions and polar questions},
	volume = {27},
	year = {2010}
}

@article{Farkas2003,
	author = {Donka Farkas},
	journal = {\biberror{no journal}},
	pages = {\biberror{no pages}},
	title = {Assertion, belief and mood choice, presented at {ESSLLI, Conditional} and {Unconditional Modality {Workshop. {V}ienna}}},
	url = {https://people.ucsc.edu/~farkas/papers/mood.pdf},,
	volume = {\biberror{no volume}},
	year = {2003}
}

@article{Eroms2011,
	author = {Hans-Werner Eroms},
	journal = {\textit{Deutsche Sprache}},
	pages = {113–136},,
	title = {{{Attributive Adjektivcluster}}},
	volume = {2},
	year = {2011}
}

@article{Elspass2005,
	author = {Stephan Elspaß},
	journal = {\textit{Zeitschrift für Dialektologie und Linguistik}},
	pages = {1--51},,
	sortname = {Stephan Elspass},
	title = {{{Zum {Wandel} im Gebrauch regionalsprachlicher Lexik. {E}rgebnisse einer Neuerhebung}}},
	volume = {72},
	year = {2005}
}

@article{Elsen2014,
	author = {Hilke Elsen},
	journal = {\textit{Glottotheory}},
	pages = {185–218},,
	title = {{{Lautsymbolik – ein vernachlässigter Forschungsgegenstand der {Sprachwissenschaft}}}},
	volume = {5/2},
	year = {2014}
}

@article{Eichinger1991,
	author = {Ludwig M. Eichinger},
	journal = {\textit{Deutsche Sprache}},
	pages = {312–329},,
	sortname = {Ludwig M. Eichinger},
	title = {{{Ganz natürlich – aber im Rahmen bleiben. {Z}ur {Reihenfolge} gestufter Adjektivattribute}}},
	volume = {4},
	year = {1991}
}

@article{Dittmann1980,
	author = {Jürgen Dittmann},
	journal = {\textit{Zeitschrift für germanistische Linguistik}},
	pages = {51–73},,
	sortname = {Jurgen Dittmann},
	title = {{{\textit{Auch} und \textit{denn} als Abtönungspartikeln. {Z}ugleich ein wissenschaftsgeschichtlicher {Beitrag}}}},
	volume = {1},
	year = {1980}
}

@article{Diewald2010,
	author = {Gabriele Diewald and Marijana Kresić},
	journal = {\textit{Linguistik Online}},
	pages = {\biberror{no pages}},
	sortname = {Gabriele Diewald and Marijana Kresic},
	title = {{{Ein übereinzelsprachliches kontrastives Beschreibungsmodell für Partikelbedeutungen}}},
	url = {https://bop.unibe.ch/linguistik-online/article/view/400/631},,
	volume = {44},
	year = {2010}
}

@article{Diewald1998,
	author = {Gabriele Diewald and Kerstin Fischer},
	journal = {\textit{Linguistica}},
	pages = {75–99},,
	title = {{{Zur diskursiven und modalen {Funktion} der Partikeln \textit{aber}, \textit{auch}, \textit{doch} und \textit{ja} in Instruktionsdialogen}}},
	volume = {38},
	year = {1998}
}

@article{Diewald1993,
	author = {Gabriele Diewald},
	journal = {\textit{Zeitschrift für Sprachwissenschaft}},
	pages = {218–234},,
	title = {{{Zur {Grammatikalisierung} der Modalverben im Deutschen}}},
	volume = {12},
	year = {1993}
}

@article{Diessel2008,
	author = {Holger Diessel},
	journal = {\textit{Cognitive Linguistics}},
	pages = {457–482},,
	title = {Iconicity of sequence. {A} corpus-based analysis of the positioning of temporal adverbial clauses in {{English}}},
	volume = {19},
	year = {2008}
}

@article{Diesing1997,
	author = {Molly Diesing},
	journal = {\textit{Natural Language and Linguistic Theory}},
	pages = {369–427},,
	title = {{Yiddish} {VP} order and the typology of object movement in {Germanic}},
	volume = {15/2},
	year = {1997}
}

@article{Croft2008,
	author = {William Croft},
	journal = {\textit{Cognitive Linguistics}},
	pages = {49–57},,
	title = {On iconicity of distance},
	volume = {19/1},
	year = {2008}
}

@article{Coniglio2012,
	author = {Marco Coniglio},
	journal = {\textit{Linguistische Berichte}},
	pages = {5–37},,
	title = {On {V1} declarative clauses in {Middle High {German}}},
	volume = {229},
	year = {2012}
}

@article{CastroviejoMiro2008,
	author = {Elena Castroviejo Miró},
	journal = {\textit{Catalan Journal of Linguistics}},
	pages = {41–90},,
	sortname = {Elena Castroviejo Miro},
	title = {Deconstructing exclamations},
	volume = {7},
	year = {2008}
}

@article{Burkhardt1995,
	author = {Armin Burkhardt},
	journal = {\textit{Zeitschrift für germanistische Linguistik}},
	pages = {172–201},,
	title = {{{Zur Übersetzbarkeit von Abtönungspartikeln. {A}m {Beispiel} von Hofmannsthals \textit{Der Schwierige}}}},
	volume = {23},
	year = {1995}
}

@article{Burkhardt1982,
	author = {Armin Burkhardt},
	journal = {\textit{Zeitschrift für germanistische Linguistik}},
	pages = {85–112},,
	title = {{{Abtönungspartikeln als Mittel des Vollzugs präsuppositionaler Akte. {Z}u Dittmanns und Rombouts’ {Untersuchungen} über die Abtönungsfunktion von \textit{auch}, \textit{denn} und \textit{doch}}}},
	volume = {1},
	year = {1982}
}

@article{Buering2003,
	author = {Daniel Büring},
	journal = {\textit{Linguistics and Philosophy}},
	pages = {511–545},,
	sortname = {Daniel Buring},
	title = {On {D}-trees, beans, and {B}-accents},
	volume = {26/5},
	year = {2003}
}

@article{Brandt1994,
	author = {Margareta Brandt},
	journal = {\textit{Arbeitsberichte ,,Sprache und Pragmatik", Germanistisches Institut der Universität Lund}},
	pages = {1–37},,
	title = {{{Subordination und Parenthese als Mittel der Informationsstrukturierung in Texten}}},
	volume = {32},
	year = {1994}
}

@article{Brandt1992a,
	author = {Margareta Brandt and Inger Rosengren},
	journal = {\textit{Zeitschrift für Literaturwissenschaft und Linguistik}},
	pages = {9–51},,
	title = {{{Zur Illokutionsstruktur von Texten}}},
	volume = {22},
	year = {1992a}
}

@article{Braber2010,
	author = {Natalie Braber and Nicola McLelland},
	journal = {\textit{Journal of Germanic Linguistics}},
	pages = {461–482},,
	title = {Combining modal particles in {{German}} and {Dutch}},
	volume = {22/4},
	year = {2010}
}

@article{Bohn2011,
	author = {Karen Bohn and Richard Wiese and Ulrike Domahs},
	journal = {\textit{Proceedings of the 17th International Congress of Phonetic Sciences 2011. Hong Kong}},
	pages = {332–335},,
	title = {The status of the rhythm rule within and across word boundaries in {{German}}},
	volume = {\biberror{no volume}},
	year = {2011}
}

@article{Bobaljik2012,
	author = {Jonathan David Bobaljik and Susi Wurmbrand},
	journal = {\textit{Linguistic Inquiry}},
	pages = {371–421},,
	title = {Word order and scope: {T}ransparent interfaces and the 3/4 signature},
	volume = {43/3},
	year = {2012}
}

@article{Bobaljik2002,
	author = {Jonathan David Bobaljik},
	journal = {\textit{Natural Language and Linguistic Theory}},
	pages = {197–267},,
	title = {A-chains at the {PF}-interface: {C}opies and 'covert‘ movement},
	volume = {20/2},
	year = {2002}
}

@article{Bluehdorn2014,
	author = {Hardarik Blühdorn and Miriam Ravetto},
	journal = {\textit{Linguistik {Online}}},
	pages = {3–44},,
	sortname = {Hardarik Bluhdorn and Miriam Ravetto},
	title = {{{Satzstruktur und adverbiale Subordination. {{E}}ine Studie zum Deutschen und zum Italienischen}}},
	volume = {67},
	year = {2014}
}

@article{Bluehdorn2007,
	author = {Hardarik Blühdorn},
	journal = {\textit{Deutsche Sprache}},
	pages = {287–314},,
	sortname = {Hardarik Bluhdorn},
	title = {{{Zur {Struktur} und Interpretation von Relativsätzen}}},
	volume = {4},
	year = {2007}
}

@article{Bickel1995,
	author = {Balthasar Bickel},
	journal = {\textit{Bulletin de la Société Linguistique de Paris}},
	pages = {391--427},,
	title = {Relatives à antécédent interne, nominalisation et focalisation: {{E}}ntre syntaxe et morphologie en bélharien},
	volume = {90},
	year = {1995}
}

@article{Becker1978,
	author = {Rita Becker},
	journal = {\textit{Kölner Linguistische Arbeiten Germanistik}},
	pages = {1--12},,
	title = {{{Oberflächenstrukturelle Unterschiede zwischen restriktiven und nichtrestriktiven Relativsätzen im {Deutschen}}}},
	volume = {4},
	year = {1978}
}

@article{Barr2013,
	author = {Dale J. Barr and Roger Levy and Christoph Scheepers and Harry J. Tily},
	journal = {\textit{Journal of Memory and Language}},
	pages = {255–278},,
	sortname = {Dale J. Barr and Roger Levy and Christoph Scheepers and Harry J. Tily},
	title = {Random effects structure for confirmatory hypothesis testing: {K}eep it maximal},
	volume = {68/3},
	year = {2013}
}

@article{Baroni2009,
	author = {Marco Baroni and Silvia Bernardini and Adriano Ferraresi and Eros Zanchetta},
	journal = {\textit{Language Resources and Evaluation}},
	pages = {209–226},,
	title = {The WaCky wide web: {A} collection of very large linguistically processed web-crawled corpora},
	volume = {43/3},
	year = {2009}
}

@article{Back1995,
	author = {Michael Back},
	journal = {\textit{Deutsche Sprache}},
	pages = {147--177},,
	title = {{{Ich weiß nicht, was soll \textit{Es} bedeuten. {Z}ur Frage subjektloser {Sätze} im Deutschen und anderswo}}},
	volume = {2},
	year = {1995}
}

@article{Bache1980,
	author = {Carl Bache and Leif Kvistgaard Jakobsen},
	journal = {\textit{Lingua}},
	pages = {243–267},,
	title = {On the distinction between restrictive and non-restrictive relative clauses in modern {English}},
	volume = {52},
	year = {1980}
}

@article{Auer1991,
	author = {Peter Auer},
	journal = {\textit{Zeitschrift für germanistische Linguistik}},
	pages = {139–157},,
	title = {{{Vom {Ende} deutscher Sätze – Rechtsexpansionen im deutschen Einfachsatz}}},
	volume = {19/2},
	year = {1991}
}

@article{Askedal1990,
	author = {John Ole Askedal},
	journal = {\textit{Deutsch als Fremdsprache}},
	pages = {213–224},,
	title = {{{Zur syntaktischen und referentiell-semantischen Ty\-pisierung der deutschen Pronominalform \textit{es}}}},
	volume = {27},
	year = {1990}
}

@article{Asher1991,
	author = {Nicholas Asher and Michael Morreau},
	journal = {\textit{Logics in AI. Lecture Notes in Computer Science}},
	pages = {1–30},,
	title = {Commonsense entailment: {A} modal theory of nonmonotonic reasoning},
	volume = {478},
	year = {1991}
}

@article{Antomo2013,
	author = {Mailin Antomo and Markus Steinbach},
	journal = {\textit{Linguistische Berichte}},
	pages = {427–453},,
	title = {{{Zur {Semantik} von Konzessivsätzen mit \textit{obwohl}.}}},
	volume = {236},
	year = {2013}
}

@article{Antomo2010,
	author = {Mailin Antomo and Markus Steinbach},
	journal = {\textit{Zeitschrift für Sprachwissenschaft}},
	pages = {1--37},,
	title = {{{Desintegration und Interpretation. \textit{{Weil}}-V2-Sätze an der Schnittstelle zwischen Syntax, Semantik und Pragmatik}}},
	volume = {29},
	year = {2010}
}

@article{Amaral2007,
	author = {Patricia Amaral and Craige Roberts and E. Allyn Smith},
	journal = {\textit{Linguistics and Philosophy}},
	pages = {707–749},,
	sortname = {Patricia Amaral and Craige Roberts and E. Allyn Smith},
	title = {The review of \textit{The Logic of Conventional Implicatures by Christopher Potts}},
	volume = {30/6},
	year = {2007}
}

@article{Altmann1984,
	author = {Hans Altmann},
	journal = {\textit{Forschungsberichte des Instituts für Phonetik und sprachliche Kommunikation der Universität München} (FIPKM)},
	pages = {130–152},,
	title = {{{Linguistische {Aspekte} der Intonation am Beispiel Satzmodus}}},
	volume = {19},
	year = {1984}
}

@article{Abraham2012,
	author = {Werner Abraham},
	journal = {\textit{Deutsche Sprache}},
	pages = {72--95},,
	title = {{{Sprecherdeixis und Merkmaldistributionsdifferential deutscher Modalitätselemente}}},
	volume = {40},
	year = {2012}
}

@article{Abraham1995,
	author = {Werner Abraham},
	journal = {\textit{Deutsche Sprache}},
	pages = {124–146},,
	title = {{{Wieso stehen nicht alle Modalpartikel in allen Satzformen? {D}ie Nullhypothese.}}},
	volume = {23/2},
	year = {1995}
}

@article{Abraham1991a,
	author = {Werner Abraham},
	journal = {\textit{Linguistics}},
	pages = {103--122},,
	title = {{{{Maria} Thurmair \textit{Modalpartikeln und ihre Kombinationen}}}},
	volume = {29},
	year = {1991}
}